@article{NeedCite,
	author	= {No Citation},
	title	= {No Citation},
	journal = {No Citation},
	month	= dec,
	year	= 1999,
	volume	= 9,
	number	= 9,
	pages	= "999--999"
}

@string{sigplan	= "ACM SIGPLAN Notices"}
@string{tpls	= "ACM Transactions on Programming Languages and Systems"}
@string{tocs	= "ACM Transactions on Computer Systems"}
@string{osr	= "ACM Operating Systems Review"}
@string{cacm	= "Communnications of the ACM"}

@string{computer= "IEEE Computer"}
@string{ieeedt	= "IEEE Design \& Test of Computers"}
@string{micro	= "IEEE Micro"}
@string{ieeesw	= "IEEE Software"}
@string{jssc	= "IEEE Journal for Solid State Circuits"}
@string{tcomp	= "IEEE Transactions on Computers"}
@string{tcad	= "IEEE Transactions on Com\-puter-Aided Design"}
@string{tpds	= "IEEE Transactions on Parallel and Distributed Systems"}
@string{tsmc	= "IEEE Trans. Systems, Man, and Cybernetics"}
@string{tvlsi	= "IEEE Trans. VLSI Systems"}

@string{bstj	= "Bell System Technical Journal"}
@string{cpe	= "Concurrency: Practice and Experience"}
@string{ibmj	= "IBM Journal of Research and Development"}
@string{ipl	= "Information Processing Letters"}
@string{lncs	= "Library Notes of Computer Science"}
@string{jai	= "Journal of Artificial Intelligence"}
@string{joop	= "Journal of Object-Oriented Programming"}
@string{jpdc	= "Journal for Parallel and Distributed Computing"}
@string{spe	= "Software --- Practice and Experience"}

@string{asic	= "Proceedings of the IEEE International ASIC Conference"}
@string{aspdac	= "Proceedings of the Asia-South Pacific Design Automation
		   Conference"}
@string{asplos	= "Proceedings of the International Conference on Architectural
		   Support for Programming Languages and Operating Systems"}
@string{cics	= "Proceedings of the Custom Integrated Circuits Conference"}
@string{compcon = "COMPCON Proceedings"}
@string{dac	= "Proceedings of the Design Automation Conference"}
@string{edac	= "Proceedings of the European Conference on Design Automation"}
@string{eurodac	= "Proceedings of the European Design Automation Conference"}
@string{fast	= "Proceedings of USENIX Conference on File and Storage Technologies"}
@string{fccm	= "Proceedings of IEEE Symposium on Field-Pro\-grammable Custom Computing Machines"}
@string{ftcs	= "Proceedings of the Fault Tolerant Computing Symposium"}
@string{hpdc	= "Proceedings of the IEEE Symposium on High Performance 
		   Distributed Computing"}
@string{iccad	= "Digest of Papers, International Conference on Computer-Aided
		   Design"}
@string{iccd	= "Proceedings of the International Conference on Computer
		   Design"}
@string{icdcs	= "Proceedings of the International Conference on Distributed
		   Computing Systems"}
@string{icde	= "Proceedings of the International Conference on Data
		   Engineering"}
@string{icpp	= "Proceedings of the International Conference on Parallel
		   Processing"}
@string{ics	= "Proceedings of the ACM International Conference on
		   Supercomputing"}
@string{infocom	= "Proceedings of IEEE INFOCOM"}
@string{ipdps	= "Proceedings of the International Parallel and Distributed
		   Processing Symposium"}
@string{ipps	= "Proceedings of the International Parallel Processing
		   Symposium"}
@string{iptps	= "Proceedings of the International Workshop on Peer-to-Peer
		   Systems"}
@string{isca	= "Proceedings of the International Symposium on Computer
		   Architecture"}
@string{iscas	= "Proceedings of the International Symposium on Circuits and
		   Systems"}
@string{ismvl	= "Proceedings of International Symposium on Multiple-Valued 
		   Logic"}
@string{iswc	= "Proceedings of the International Semantic Web Conference"}
@string{itc	= "Proceedings of the International Test Conference"}
@string{msst	= "Proceedings of the IEEE/NASA Goddard Symposium on Mass
		   Storage Systems and Technologies"}
@string{oopsla	= "Proceedings of the ACM SIGPLAN Conference on Object-Oriented
		   Programming, Systems, Languages and Applications"}
@string{osdi	= "Proceedings of the Symposium on Operating Systems 
		   Design and Implementation"}
@string{pdpta	= "Proceedings of the International Conference on Parallel and
		   Distributed Processing Techniques and Applications"}
@string{sigmetrics = "Proceedings of the ACM SIGMETRICS Conference on
		   Measurement and Modeling of Computer Systems"}
@string{sigmod	= "Proceedings of the ACM SIGMOD International Conference on
		   Management of Data"}
@string{sisw	= "Proceedings of the International IEEE Security in Storage
		   Workshop"}
@string{sosp	= "Proceedings of the Symposium on Operating System Principles"}
@string{spdp	= "Proceedings of the IEEE Symposium on Parallel and Distributed
		   Processing"}
@string{vldb	= "Proceedings of International Conference on Very Large
		   Data Bases (VLDB)"}
@string{vlsi	= "Proceedings of the International VLSI Design Conference"}
@string{usenix	= "Proceedings of the USENIX Technical Conference"}

@string{crhc	= "Center for Reliable and High-Performance Computing,
		   University of Illinois"}
@string{csrd	= "Center for Supercomputing Research and Development,
		   University of Illinois"}
@string{dcs	= "Department of Computer Science,
		   University of Illinois"}
@string{mitai	= "MIT Artificial Intelligence Laboratory"}
@string{caltechcs = "Department of Computer Science,
			California Institute of Technology"}
@string{washingtoncse = "Department of Computer Science and Engineering,
			University of Washington"}
@string{stanfordcsl = "Computer Science Laboratory,
			Departments of Electrical Engineering and
			Computer Science,
			Stanford University"}


