%% This BibTeX bibliography file was created using BibDesk.
%% http://bibdesk.sourceforge.net/


@inproceedings{WongPRORISC05,
	Author = {S. Wong and S. Vassiliadis and J.Y. Hur},
	Booktitle = {Proceedings of the Annual Workshop on Circuits, Systems and Signal Processing},
	Month = {November},
	Pages = {365-368},
	Title = {Parallel Merge Sort on a Binary Tree On-Chip Network},
	Year = {2005}}

@article{LeeTPDS95,
	Address = {Piscataway, NJ, USA},
	Author = {Lee, De-Lei and Batcher, Kenneth E.},
	Doi = {http://dx.doi.org/10.1109/71.342136},
	Issn = {1045-9219},
	Journal = {IEEE Trans. Parallel Distrib. Syst.},
	Number = {2},
	Pages = {211--215},
	Publisher = {IEEE Press},
	Title = {A Multiway Merge Sorting Network},
	Volume = {6},
	Year = {1995},
	Bdsk-Url-1 = {http://dx.doi.org/10.1109/71.342136}}

@article{LeuJPDC08,
	Address = {Orlando, FL, USA},
	Author = {Leu, Fang-Yie and Li, Ming-Chang and Lin, Jia-Chun and Yang, Chao-Tung},
	Doi = {http://dx.doi.org/10.1016/j.jpdc.2007.06.002},
	Issn = {0743-7315},
	Journal = {J. Parallel Distrib. Comput.},
	Number = {4},
	Pages = {427--442},
	Publisher = {Academic Press, Inc.},
	Title = {Detection workload in a dynamic grid-based intrusion detection environment},
	Volume = {68},
	Year = {2008},
	Bdsk-Url-1 = {http://dx.doi.org/10.1016/j.jpdc.2007.06.002}}

@book{Agha86,
	Address = {Cambridge, MA},
	Author = {Gul A. Agha},
	Date-Modified = {2009-04-11 08:15:11 -0400},
	Keywords = {actors},
	Publisher = {The MIT Press},
	Title = {Actors: A Model of Concurrent Computation in Distributed Systems},
	Year = 1986}

@article{Agha90,
	Author = {Gul Agha},
	Journal = cacm,
	Keywords = {actors},
	Month = sep,
	Number = 33,
	Pages = {125--141},
	Title = {Concurrent Object-Oriented Programming},
	Volume = 33,
	Year = 1990}

@book{AppelCPS92,
	Address = {Cambridge, England},
	Author = {Andrew W. Appel},
	Keywords = {actors},
	Publisher = {Cambridge University Press},
	Title = {Compiling with Continuations},
	Year = 1992}

@book{ChienCA93,
	Address = {Cambridge, MA},
	Author = {Andrew A. Chien},
	Keywords = {actors},
	Publisher = {The MIT Press},
	Title = {Concurrent Aggregates: Supporting Modularity in Massively Parallel Programs},
	Year = 1993}

@inproceedings{Chien93,
	Author = {Andrew A. Chien and Wuchun Feng and Vijay Karamcheti and John Plevyak},
	Booktitle = {Proceedings, 5th Workshop on Compilers and Languages for Parallel Computing},
	Keywords = {actors},
	Title = {Techniques for Efficient Execution of Fine-Grained Concurrent Programs},
	Year = 1993}

@techreport{ChienTR93,
	Address = {Urbana, Illinois},
	Author = {Andrew A. Chien and Vijay Karamcheti and John Plevyak},
	Institution = dcs,
	Keywords = {actors},
	Month = jun,
	Number = {UIUCDCS-R-93-1815},
	Title = {The {Concert} system -- {Compiler} and Runtime Support for Efficient, Fine-Grained Concurrent Object-Oriented Programs},
	Year = 1993}

@article{Hewitt91,
	Author = {Carl Hewitt and Jeff Inman},
	Journal = tsmc,
	Keywords = {actors},
	Month = {November/December},
	Number = 6,
	Pages = {1409--1419},
	Title = {{DAI} Betwixt and Between: {From} `Intelligent Agents' to Open Systems Science},
	Volume = 21,
	Year = 1991}

@inproceedings{KaramSC93,
	Address = {Portland, OR},
	Author = {Vijay Karamcheti and Andrew Chien},
	Booktitle = {Proceedings of Supercomputing~'93},
	Keywords = {actors},
	Month = nov,
	Pages = {598-607},
	Title = {Concert - {Efficient} Runtime Support for Concurrent Object-Oriented Programming Languages on Stock Hardware},
	Year = 1993}

@techreport{ConcertTR93,
	Address = {Urbana, Illinois},
	Author = {Andrew Chien and Vijay Karamcheti and John Plevyak},
	Institution = {University of Illinois, Department of Computer Science},
	Keywords = {actors},
	Number = {UIUC DCS TR R-93-1815},
	Title = {The {Concert System: Compiler} and Runtime Support for Fine-Grained Concurrent Object-Oriented Languages},
	Year = 1993}

@article{Beck90,
	Author = {Bob Beck},
	Journal = ieeesw,
	Keywords = {Parallel C/C++},
	Month = jul,
	Pages = {38--48},
	Title = {Shared-Memory Parallel Programming in {C++}},
	Year = 1990}

@inproceedings{ChandyCLPC92,
	Author = {K. Mani Chandy and Carl Kesselman},
	Booktitle = {Proceedings of Workshop on Compilers and Languages for Parallel Computing},
	Keywords = {Parallel C/C++},
	Pages = {79--93},
	Title = {Compositional {C++}: Compositional Parallel Programming},
	Year = 1992}

@article{CmelikSW88,
	Author = {Robert F. Smelik and Narain H. Gehani},
	Journal = ieeesw,
	Keywords = {Parallel C/C++},
	Month = may,
	Pages = {21--27},
	Title = {Dimensional Analysis with {C++}},
	Year = 1988}

@article{CmelikTSE88,
	Author = {Robert F. Smelik and Narain H. Gehani and William D. Roome},
	Journal = ieeese,
	Keywords = {Parallel C/C++},
	Month = mar,
	Number = 3,
	Pages = {335--344},
	Title = {Experience with Multiple Processor Versions of Concurrent {C}},
	Volume = 15,
	Year = 1989}

@inproceedings{Ding92,
	Author = {Weiren Ding and Laurie J. Hendren},
	Booktitle = {Proceedings of the International Conference on Computing and Information},
	Keywords = {Parallel C/C++},
	Month = may,
	Pages = {143--146},
	Title = {{SELSYN-C: A} Self-Synchronizing Parallel Programming Language},
	Year = 1992}

@article{GannonJSPP93,
	Author = {Dennis Gannon and J. K. Lee},
	Journal = {Proceedings of the Japan Society for Parallel Processing},
	Keywords = {Parallel C/C++},
	Pages = {315-339},
	Title = {Object-Oriented Parallelism: {pC++} Ideas and Experiments},
	Year = 1993}

@inproceedings{Hamet88,
	Author = {L. Hamet and J. Dorband},
	Booktitle = {Proceedings of the 2nd Symposium on the Frontiers of Massively Parallel Computation},
	Keywords = {Parallel C/C++},
	Month = oct,
	Pages = {625--628},
	Title = {A Generic Fine-Grained Parallel {C}},
	Year = 1988}

@inproceedings{HatchHICSS91,
	Author = {Philip J. Hatcher and Michael J. Quinn},
	Booktitle = {Proceedings of the 24th Hawaii International Conference on System Sciences},
	Keywords = {Parallel C/C++},
	Month = jan,
	Pages = {382--389},
	Title = {{C*-Linda: A} Programming Environment with Multiple Data-Parallel Modules and Parallel {I/O}},
	Year = 1991}

@techreport{OperIBMTR95,
	Address = {Yorktown Heights, New York},
	Author = {Howard L. Operowsky},
	Institution = {IBM Research Division, T.J. Watson Research Center},
	Keywords = {Parallel C/C++},
	Month = apr,
	Number = {RC 20265},
	Title = {Current Proposals for Parallel {C++}},
	Year = 1995}

@inproceedings{ParashHIPC95,
	Address = {New Delhi, India},
	Author = {Manish Parashar and James C. Browne},
	Booktitle = {Proceedings of International Conference on High Performance Computing},
	Keywords = {Parallel C/C++},
	Month = dec,
	Pages = {22--23},
	Title = {Distributed Dynamic Data-Structures for Parallel Adaptive Mesh-Refinement},
	Year = 1995}

@inproceedings{HsuISCA90,
	Address = {Seattle, WA},
	Author = {Jiun-Ming Hsu and Prithviraj Banerjee},
	Booktitle = isca,
	Keywords = {Hypercube},
	Month = may,
	Pages = {260-269},
	Title = {Performance Measurements and Trace Driven Simulation of Parallel {CAD} and Numeric Applications on a Hypercube Multicomputer},
	Year = 1990}

@article{HsuTPDS92,
	Author = {Jiun-Ming Hsu and Prithviraj Banerjee},
	Journal = tpds,
	Keywords = {Hypercube},
	Month = jul,
	Number = 4,
	Pages = {451--464},
	Title = {Performance Measurement and Trace Driven Simulation of Parallel {CAD} and Numeric Applications on a Hypercube Multicomputer},
	Volume = 3,
	Year = 1992}

@article{Bers88,
	Author = {Brian N. Bershad and Henry M. Levy},
	Journal = computer,
	Keywords = {Parallel Programming},
	Month = may,
	Pages = {50--60},
	Title = {A Remote Computation Facility for a Heterogeneous Environment},
	Year = 1988}

@article{Chandy91,
	Author = {K. Mani Chandy and Carl Kesselman},
	Journal = ieeesw,
	Keywords = {Parallel Programming},
	Month = nov,
	Pages = {11--20},
	Title = {Parallel Programming in 2001},
	Year = 1991}

@article{Guarna89,
	Author = {Vincent A. Guarna, Jr. and Dennis Gannon and David Jablonowski and Allen D. Malony and Yogesh Gaur},
	Journal = ieeesw,
	Keywords = {Parallel Programming},
	Month = jul,
	Pages = {20--27},
	Title = {Faust: {An} Integrated Environment for Parallel Programming},
	Year = 1989}

@inproceedings{KaleTENCON89,
	Author = {Laxmikant V. Kal\'{e}},
	Booktitle = {Proceedings, TENCON '89},
	Keywords = {Parallel Programming},
	Pages = {1085--1088},
	Title = {A Brief Perspective on Parallel Programming},
	Year = 1989}

@manual{p4UG92,
	Address = {Argonne, IL},
	Author = {Ralph Butler and Ewing Lusk},
	Institution = {Argonne National Laboratory},
	Keywords = {Parallel Programming},
	Month = jun,
	Number = {ANL-92/17},
	Title = {User's Guide to the p4 Parallel Programming System},
	Year = 1992}

@inproceedings{PonnSC93,
	Address = {Portland, OR},
	Author = {R. Ponnusamy and J. Saltz and A. Choudhary},
	Booktitle = {Proceedings of Supercomputing~'93},
	Keywords = {Parallel Programming},
	Month = nov,
	Pages = {361--370},
	Title = {Runtime-Compilation Techniques for Data Partitioning and Communication Schedule Reuse},
	Year = 1993}

@manual{PVMUG93,
	Author = {Al Geist and Adam Beguelin and Jack Dongarra and Weicheng Jiang and Robert Manchek and Vaidy Sunderam},
	Institution = {Oak Ridge National Laboratory / University of Tennessee},
	Keywords = {Parallel Programming},
	Month = feb,
	Title = {{PVM} 3.0 User's Guide and Reference Manual},
	Year = 1993}

@misc{RamPHD90,
	Author = {Balkrishna Ramkumar},
	Howpublished = {Ph.D. Dissertation, University of Illinois at Urbana-Champaign},
	Keywords = {Parallel Programming},
	Month = oct,
	Title = {Machine independent ``AND'' and ``OR'' Parallel Execution of Logic Programs},
	Year = 1990}

@inproceedings{Wen95,
	Author = {Chih-Po Wen and Soumen Chakrabarti and Etienne Deprit and Arvind Krishnamurthy and Katherine Yelick},
	Booktitle = {Workshop on Languages, Compilers and Runtime Systems for Scalable Computers},
	Keywords = {Parallel Programming},
	Month = may,
	Title = {Runtime Support for Portable Distributed Data Structures},
	Year = 1995}

@inproceedings{Yelick95,
	Address = {Piscataway, NJ},
	Author = {Katherine Yelick and Soumen Chakrabarti and Etienne Deprit and Jeff Jones and Arvind Krishnamurthy and Chih-Po Wen},
	Booktitle = {Workshop on Parallel Symbolic Languages and Systems},
	Keywords = {Parallel Programming},
	Month = oct,
	Title = {Parallel Data Structures for Symbolic Computation},
	Year = 1995}

@inproceedings{YelickDIMACS93,
	Address = {Piscataway, NJ},
	Author = {Katherine Yelick and Soumen Chakrabarti and Etienne Deprit and Jeff Jones and Arvind Krishnamurthy and Chih-Po Wen},
	Booktitle = {DIMACS Workshop on Parallel Algorithms for Unstructured and Dynamic Problems},
	Keywords = {Parallel Programming},
	Month = jun,
	Title = {Data Structures for Irregular Applications},
	Year = 1993}

@article{Ander89,
	Author = {Thomas E. Anderson and Edward D. Lazowska and Henry M. Levy},
	Journal = ieeetc,
	Keywords = {Operating Systems and Threads},
	Month = dec,
	Pages = {1631--1644},
	Title = {The Performance Implications of Thread Management Alternatives for Shared-Memory Multiprocessors},
	Year = 1989}

@techreport{ChaseTR92,
	Address = {Seattle, Washington},
	Author = {Jeffrey S. Chase and Henry M. Levy and Edward D. Lazowska and Miche Baker-Harvey},
	Institution = {Department of Computer Science and Engineering, University of Washington},
	Keywords = {Operating Systems and Threads},
	Month = jun,
	Number = {92-03-09},
	Title = {Lightweight Shared Objects in a 64-Bit Operating System},
	Year = 1992}

@techreport{FeeleyTR92,
	Address = {Seattle, Washington},
	Author = {Michael J. Feeley and Henry M. Levy},
	Institution = {Department of Computer Science and Engineering, University of Washington},
	Keywords = {Operating Systems and Threads},
	Month = mar,
	Number = {92-03-01},
	Title = {Distributed Shared Memory with Versioned Objects},
	Year = 1992}

@article{Tann92,
	Author = {Andrew S. Tanenbaum and M. Frans Kaashoek and Henri E. Bal},
	Journal = computer,
	Keywords = {Object Oriented Parallel Programming},
	Month = aug,
	Number = 8,
	Pages = {10--19},
	Title = {Parallel Programming Using Shared Objects and Broadcasting},
	Volume = 25,
	Year = 1992}

@inproceedings{FentonICPP91,
	Address = {St. Charles, IL},
	Author = {W. Fenton and Balkrishna Ramkumar and V. A. Saletore and A. B. Sinha and Laxmikant V. Kal\'{e}},
	Booktitle = icpp,
	Keywords = {CHARM},
	Month = aug,
	Title = {Supporting Machine Independent Programming on Diverse Parallel Architectures},
	Year = 1991}

@inproceedings{KaleICPP90,
	Address = {St. Charles, IL},
	Author = {Laxmikant V. Kal\'{e}},
	Booktitle = icpp,
	Keywords = {CHARM},
	Month = aug,
	Pages = {17--25},
	Title = {The {Chare Kernel} Parallel Programming System},
	Year = 1990}

@inproceedings{KaleOOPS93,
	Author = {Laxmikant V. Kal\'{e} and Sanjeev Krishnan},
	Booktitle = oopsla,
	Keywords = {CHARM},
	Month = sep,
	Pages = {91--108},
	Title = {{CHARM++}: {A} Portable Concurrent Object Oriented System based on {C++}},
	Year = 1993}

@techreport{KaleTR93,
	Address = {Urbana, Illinois},
	Author = {Laxmikant V. Kal\'{e} and Sanjeev Krishnan},
	Institution = dcs,
	Keywords = {CHARM},
	Month = jun,
	Number = {UIUCDCS-R-93-1796},
	Title = {{CHARM++}: {A} Portable Concurrent Object Oriented System based on {C++}},
	Year = 1993}

@inproceedings{HolmHICSS97,
	Author = {John G. Holm and Steven Parkes and Prithviraj Banerjee},
	Booktitle = {Proceedings of Hawaii International Conference on System Sciences},
	Keywords = {ProperCAD},
	Pages = {282--291},
	Title = {Performance Evaluation of a {C++} Library Based Multithreaded System},
	Year = 1997}

@inproceedings{HolmICS97,
	Address = {Vienna, Austria},
	Author = {John G. Holm and John A. Chandy and Steven Parkes and Sumit Roy and Venkat Krishnaswamy and Gagan Hasteer and Prithviraj Banerjee},
	Booktitle = {Proceedings of ACM International Conference on Supercomputing},
	Keywords = {ProperCAD},
	Month = jul,
	Title = {Performance Evaluation of Message-Driven Parallel VLSI CAD Applications on General Purpose Multiprocessors},
	Year = 1997}

@misc{ParkesPHD94,
	Author = {Steven M. Parkes},
	Howpublished = {Ph.D. dissertation, University of Illinois at Urbana-Champaign},
	Keywords = {ProperCAD},
	Month = sep,
	Note = {Tech. Rep. CRHC-94-20/UILU-ENG-94-2235},
	Title = {A Class Library Approach to Concurrent Object-Ori\-ented Programming with Applications to {VLSI CAD}},
	Year = 1994}

@inproceedings{ParkesSC94,
	Address = {Washington, DC},
	Author = {Steven Parkes and John A. Chandy and Prithviraj Banerjee},
	Booktitle = {Proceedings of Supercomputing~'94},
	Keywords = {ProperCAD},
	Month = nov,
	Pages = {69--78},
	Title = {A Library-based Approach to Portable, Parallel, Object-Oriented Programming: {Interface}, Implementation, and Application},
	Year = 1994}

@techreport{ParkesTR93,
	Address = {Urbana, Illinois},
	Author = {Steven Parkes and John A. Chandy and Prithviraj Banerjee},
	Institution = crhc,
	Keywords = {ProperCAD},
	Month = dec,
	Number = {CRHC-93-22/UILU-ENG-93-2250},
	Title = {{ProperCAD II: A} Run-Time Library for Portable, Parallel, Object-Oriented Programming with Applications to {VLSI CAD}},
	Year = 1993}

@article{RamTCAD94,
	Author = {Balkrishna Ramkumar and Prithviraj Banerjee},
	Journal = tcad,
	Keywords = {ProperCAD},
	Month = jul,
	Number = 7,
	Pages = {829--842},
	Title = {{ProperCAD: A} Portable Object-Or\-i\-ented Parallel Environment for {VLSI CAD}},
	Volume = 13,
	Year = 1994}

@techreport{RamTR93,
	Address = {Urbana, Illinois},
	Author = {Balkrishna Ramkumar and Prithviraj Banerjee},
	Institution = crhc,
	Keywords = {ProperCAD},
	Month = jan,
	Number = {CRHC-93-04/UILU-ENG-93-2205},
	Title = {{ProperCAD: A} Portable Object-Oriented Parallel Environment for {VLSI CAD}},
	Year = 1993}

@inproceedings{RamICCD92,
	Address = {Cambridge, MA},
	Author = {Balkrishna Ramkumar and Prithviraj Banerjee},
	Booktitle = iccd,
	Keywords = {ProperCAD},
	Month = oct,
	Pages = {544--548},
	Title = {{ProperCAD: A} Portable Object-Oriented Parallel Environment for {VLSI CAD}},
	Year = 1992}

@article{BaneCOMP95,
	Author = {Prithviraj Banerjee and John A. Chandy and Manish Gupta and Hodges IV, Ernest W. and John G. Holm and Antonio Lain and Daniel J. Palermo and Shankar Ramaswamy and Ernesto Su},
	Journal = computer,
	Keywords = {PARADIGM},
	Month = oct,
	Number = 10,
	Pages = {37--47},
	Title = {The Paradigm Compiler for Distributed-Memory Multicomputers},
	Volume = 28,
	Year = 1995}

@inproceedings{BaneIWPP94,
	Address = {Bangalore, India},
	Author = {Prithviraj Banerjee and John A. Chandy and Manish Gupta and John G. Holm and Antonio Lain and Daniel J. Palermo and Shankar Ramaswamy and Ernesto Su},
	Booktitle = {Proceedings of the First International Workshop on Parallel Processing},
	Keywords = {PARADIGM},
	Month = dec,
	Title = {The {PARADIGM} Compiler for Distributed-Memory Message Passing Multicomputers},
	Year = 1994}

@inproceedings{GuptaIPPS92,
	Address = {Beverly Hills, CA},
	Author = {Manish Gupta and Prithviraj Banerjee},
	Booktitle = ipps,
	Keywords = {PARADIGM},
	Month = mar,
	Title = {Compile-Time Estimation of Communication Costs on Multicomputers},
	Year = 1992}

@inproceedings{GuptaICS92,
	Address = {Washington D.C.},
	Author = {Manish Gupta and Prithviraj Banerjee},
	Booktitle = ics,
	Keywords = {PARADIGM},
	Month = jul,
	Title = {A Methodology for High-Level Synthesis of Communication on Multicomputers},
	Year = 1992}

@article{GuptaTPDS92,
	Author = {Manish Gupta and Prithviraj Banerjee},
	Journal = tpds,
	Keywords = {PARADIGM},
	Month = mar,
	Number = 2,
	Pages = {179--193},
	Title = {Demonstration of Automatic Data Partitioning Techniques for Parallelizing Compilers on Multicomputers},
	Volume = 3,
	Year = 1992}

@inproceedings{GuptaICS93,
	Address = {Tokyo, Japan},
	Author = {Manish Gupta and Prithviraj Banerjee},
	Booktitle = ics,
	Keywords = {PARADIGM},
	Month = jul,
	Title = {{PARADIGM: A} Compiler for Automated Data Partitioning on Multicomputers},
	Year = 1993}

@misc{GuptaPHD92,
	Author = {Manish Gupta},
	Howpublished = {Ph.D. Dissertation, Department of Computer Science, University of Illinois at Urbana-Champaign},
	Keywords = {PARADIGM},
	Month = sep,
	Note = {Tech. Rep. CRHC-92-19},
	Title = {Automatic Data Partitioning on Distributed Memory Multicomputers},
	Year = 1992}

@inproceedings{HolmSHPCC94,
	Address = {Knoxville, TN},
	Author = {John G. Holm and Antonio Lain and Prithviraj Banerjee},
	Booktitle = {Proceedings of the Scalable High Performance Computing Conference},
	Keywords = {PARADIGM},
	Month = may,
	Pages = {518--525},
	Title = {Compilation of Scientific Programs into Multithreaded and Message Driven Computation},
	Year = 1994}

@unpublished{PalermoJPDC95,
	Author = {Daniel J. Palermo and Ernesto Su and John A. Chandy and Prithviraj Banerjee},
	Keywords = {PARADIGM},
	Note = {Submitted to Journal of Parallel and Distributed Computing},
	Title = {Communication Optimizations for Distributed-Memory Multicomputers}}

@inproceedings{PalermoICPP94,
	Address = {St. Charles, IL},
	Author = {Daniel J. Palermo and Ernesto Su and John A. Chandy and Prithviraj Banerjee},
	Booktitle = icpp,
	Keywords = {PARADIGM},
	Month = aug,
	Pages = {II:1-10},
	Title = {Communication Optimizations used in the {PARADIGM} Compiler for Distributed Memory Multicomputers},
	Year = 1994}

@inproceedings{RamaICPP93,
	Address = {St. Charles, IL},
	Author = {Shankar Ramaswamy and Prithviraj Banerjee},
	Booktitle = icpp,
	Keywords = {PARADIGM},
	Month = aug,
	Pages = {II:134-138},
	Title = {Processor Allocation and Scheduling of Macro Dataflow Graphs on Distributed Memory Multicomputers},
	Year = 1993}

@inproceedings{RamaICPP94,
	Address = {St. Charles, IL},
	Author = {Shankar Ramaswamy and Sachin Sapatnekar and Prithviraj Banerjee},
	Booktitle = icpp,
	Keywords = {PARADIGM},
	Month = aug,
	Pages = {II:135-144},
	Title = {A Convex Programming Approach for Exploiting Data and Functional Parallelism on Distributed Memory Multicomputers},
	Year = 1994}

@inproceedings{SuICPP93,
	Address = {St. Charles, IL},
	Author = {Ernesto Su and Daniel J. Palermo and Prithviraj Banerjee},
	Booktitle = icpp,
	Keywords = {PARADIGM},
	Month = aug,
	Pages = {II:30--38},
	Title = {Automating Parallelization of Regular Computations for Distributed Memory Multicomputers in the {PARADIGM} Compiler},
	Year = 1993}

@inproceedings{SuPACT94,
	Address = {Montreal, Canada},
	Author = {Ernesto Su and Daniel J. Palermo and Prithviraj Banerjee},
	Booktitle = {Proceedings of the International Conference on Parallel Architectures and Compilation Techniques},
	Keywords = {PARADIGM},
	Month = aug,
	Title = {Processor Tagged Descriptors: A Data Structure for Compiling for Distributed-Memory Multicomputers},
	Year = 1994}

@article{Barnard94,
	Author = {Stephen T. Barnard and Horst D. Simon},
	Journal = {Concurrency: Practice and Experience},
	Keywords = {Partitioning},
	Month = apr,
	Number = 2,
	Pages = {101--117},
	Title = {Fast multilevel implementation of recursive spectral bisection for partitioning unstructured problems},
	Volume = 6,
	Year = 1994}

@inproceedings{Gupta95,
	Address = {Santa Barbara, CA},
	Author = {A. Gupta and G. Karypis and V. Kumar},
	Booktitle = {Proceedings of the Workshop on Solving Irregular Problems on Distributed Memory Machines},
	Keywords = {Partitioning},
	Month = apr,
	Pages = {73--75},
	Title = {Scalable Parallel Algorithms for Sparse Linear Systems},
	Year = 1995}

@techreport{KarypisTR95,
	Author = {George Karypis and Vipin Kumar},
	Institution = {Department of Computer Science, University of Minnesota, Minneapolis, MN},
	Keywords = {Partitioning},
	Month = jun,
	Number = {95-035},
	Title = {A Fast and High Quality Multilevel Scheme for Partitioning Irregular Graphs},
	Year = 1995}

@inproceedings{Romem95,
	Address = {Santa Barbara, CA},
	Author = {Yaniv Romem and Larry Rudolph and Josef Stein},
	Booktitle = {Proceedings of the Workshop on Solving Irregular Problems on Distributed Memory Machines},
	Keywords = {Partitioning},
	Month = apr,
	Pages = {75--72},
	Title = {Adapting Multilevel Simulated Annealing for Mapping Dynamic Irregular Problems},
	Year = 1995}

@article{Simon91,
	Author = {H. D. Simon},
	Journal = {Computing Systems in Engineering},
	Keywords = {Partitioning},
	Number = {2/3},
	Pages = {135--148},
	Title = {Partitioning of Unstructured Problems for Parallel Processing},
	Volume = 2,
	Year = 1991}

@article{Simon95,
	Author = {Horst D. Simon and Shang-Hua Teng},
	Journal = {SIAM J. Scient. Comp.},
	Keywords = {Partitioning},
	Month = jan,
	Title = {How good is recursive bisection},
	Year = 1995}

@techreport{MPITR93,
	Author = {{Message-Passing Interface Forum}},
	Institution = {University of Tennessee, Knoxville, TN},
	Keywords = {MPI},
	Number = {CS-93-214},
	Title = {Document for a Standard Message-Passing Interface},
	Year = 1993}

@manual{MPISpec95,
	Author = {{Message-Passing Interface Forum}},
	Institution = {University of Tennessee, Knoxville, TN},
	Keywords = {MPI},
	Month = jun,
	Title = {Message-Passing Interface Standard 1.1},
	Year = 1995}

@manual{MPICH95,
	Author = {Patrick Bridges and Nathan Doss and William Gropp and Edward Karrels and Ewing Lusk and Anthony Skjellum},
	Keywords = {MPI},
	Month = sep,
	Title = {Users' Guide to mpich, a Portable Implementation of {MPI}},
	Year = 1995}

@inproceedings{FrankeICPP94,
	Address = {St. Charles, IL},
	Author = {H. Franke and P. Hochschild and P. Pattnaik and M. Snir},
	Booktitle = icpp,
	Keywords = {MPI},
	Month = aug,
	Pages = {III:197--201},
	Title = {{MPI-F: An} Efficient Implementation of {MPI on IBM-SP1}},
	Year = 1994}

@inproceedings{SquyresPOOMA96,
	Address = {Santa Fe, NM},
	Author = {Jeffrey M. Squyres and Brian C. McCandless and Andrew Lumsdaine},
	Booktitle = {Parallel Object-Oriented Methods and Applications Conference},
	Keywords = {MPI},
	Month = mar,
	Title = {Object Oriented {MPI: A} Class Library for the {Message Passing Interface}},
	Year = 1996}

@manual{HPFTR94,
	Author = {{High Performance Fortran Forum}},
	Institution = {Center for Research on Parallel Computation, Rice University, Houston, TX},
	Keywords = {MPI},
	Title = {High Performance Fortran Language Specification, version 1.1},
	Year = 1994}

@article{BrunekreefDC96,
	Author = {Jacob Brunekreef and Joost-Pieter Katoen and Ron Koymans and Sjouke Mauw},
	Journal = {Distributed Computing},
	Keywords = {Distributed Systems},
	Number = 4,
	Pages = {157--171},
	Title = {Design and Analysis of Dynamic Leader Election Protocols in Broadcast Networks},
	Volume = 9,
	Year = 1996}

@article{ElBazJPDC96,
	Author = {Didier El Baz and Pierre Spiteri and Jean Claude Miellou and Didier Gazen},
	Journal = jpdc,
	Keywords = {Distributed Systems},
	Pages = {1--15},
	Title = {Asynchronous Iterative Algorithms with Flexible Communication for Nonlinear Network Flow Problems},
	Volume = 38,
	Year = 1996}

@incollection{Feitelson97,
	Author = {D. G. Feitelson and L. Rudolph and U. Schwiegelsohn and K. C. Sevcik and P. Wong},
	Booktitle = {Job Scheduling Strategies for Parallel Processing},
	Editor = {D. G. Feitelson and L. Rudolph},
	Keywords = {Distributed Systems},
	Pages = {1--34},
	Publisher = {Springer-Verlag},
	Series = {Lecture Notes in Computer Science},
	Title = {Theory and practice in parallel job scheduling},
	Volume = 1291,
	Year = 1997}

@article{LinTCOMP02,
	Author = {Ching-Min Lin and Ge-Ming Chiu and Cheng-Hong Cho},
	Journal = tcomp,
	Keywords = {Distributed Systems},
	Month = dec,
	Number = 12,
	Pages = {1442--1447},
	Title = {A New Quorum-Based Scheme for Managing Replicated Data in Distributed Systems},
	Volume = 51,
	Year = 2002}

@inproceedings{LoJSSPP98,
	Author = {Virginia Lo and Jens Mache and Kurt Windisch},
	Booktitle = {Proceedings of the Workshop on Job Sched\-uling Strategies for Parallel Processing},
	Editor = {D. G. Feitelson and L. Rudolph},
	Keywords = {Distributed Systems},
	Pages = {25--46},
	Publisher = {Springer-Verlag},
	Title = {A Comparative Study of Real Workload Traces and Synthetic Workload Models for Parallel Job Scheduling},
	Year = 1998}

@inproceedings{LukICDCS97,
	Author = {Wai-Shing Luk and Tien-Tsin Wong},
	Booktitle = icdcs,
	Keywords = {Distributed Systems},
	Location = {Baltimore, MD},
	Month = may,
	Title = {Two New Quorum Based Algorithms for Distributed Mutual Exclusion},
	Year = 1997}

@article{MaekawaTOCS85,
	Author = {M. Maekawa},
	Journal = {ACM Trans. Computing Systems},
	Keywords = {Distributed Systems},
	Month = may,
	Pages = {145--159},
	Title = {A $\sqrt{N}$ Algorithm for Mutual Exclusion in Decentralized Systems},
	Year = 1985}

@article{ThomasACMTDS79,
	Author = {R. H. Thomas},
	Journal = {ACM Trans. Database Systems},
	Keywords = {Distributed Systems},
	Month = jun,
	Number = 2,
	Pages = {180--209},
	Title = {A Majority Consensus Approach to Concurrency Control for Multiply Copy Databases},
	Volume = 4,
	Year = 1979}

@inproceedings{AliIPDPS03,
	Author = {Shoukat Ali and Anthony A. Maciejewski and Howard Jay Siegel and Jong-Kook Kim},
	Booktitle = ipdps,
	Keywords = {Grid Computing},
	Title = {Definition of a Robustness Metric for Resource Allocation},
	Year = 2003}

@inproceedings{AllcockSC05,
	Author = {W. Allcock and J. Bresnahan and R. Kettimuthu and M. Link and C. Dumitrescu and I. Raicu and I. Foster},
	Booktitle = {Proceedings of Supercomputing~'05},
	Keywords = {Grid Computing},
	Month = nov,
	Title = {The {Globus} Striped {GridFTP} Framework and Server},
	Year = 2005}

@inproceedings{AndersonGRID04,
	Author = {David P. Anderson},
	Booktitle = {IEEE/ACM International Workshop on Grid Computing},
	Keywords = {Grid Computing},
	Location = {Pittsburgh, PA},
	Month = nov,
	Pages = {4--10},
	Title = {{BOINC: A} System for Public-Resource Computing and Storage},
	Year = 2004}

@inproceedings{AndersonSC06,
	Author = {David P. Anderson and Carl Christensen and Bruce Allen},
	Booktitle = {Supercomputing},
	Keywords = {Grid Computing},
	Location = {Tampa, FL},
	Month = nov,
	Pages = {4--10},
	Title = {Designing a Runtime System for Volunteer Computing},
	Year = 2006}

@article{AndersonCACM02,
	Author = {D. P. Anderson and J. Cobb and E. Korpela and M. Lebofsky and D. Werthimer},
	Journal = {Communications of the ACM},
	Keywords = {Grid Computing},
	Month = nov,
	Number = 11,
	Pages = {56--61},
	Title = {{SETI@home: An} experiment in public-resource computing},
	Volume = 45,
	Year = 2002}

@inproceedings{AndersonCCGRID06,
	Author = {David P. Anderson and Gilles Fedak},
	Booktitle = {Proceedings of the IEEE International Symposium on Cluster Computing and the Grid},
	Keywords = {Grid Computing},
	Location = {Singapore},
	Month = may,
	Pages = {73--80},
	Title = {The Computational and Storage Potential of Volunteer Computing},
	Year = 2006}

@unpublished{Anderson06,
	Author = {David P. Anderson and Gilles Fedak},
	Keywords = {Grid Computing},
	Note = {Available at http://boinc.berkeley.edu/boinc_papers/internet/paper.pdf},
	Title = {The Computational and Storage Potential of Volunteer Computing}}

@article{BaevALGORITHMICA02,
	Author = {I. Baev and W. Meleis and A. Eichenberger},
	Journal = {Algorithmica},
	Keywords = {Grid Computing},
	Month = may,
	Number = 1,
	Pages = {34--51},
	Title = {Algorithms for total weighted completion time scheduling},
	Volume = 33,
	Year = 2002}

@misc{BOINC,
	Author = {BOINC},
	Howpublished = {http://\-boinc.berkeley.edu},
	Keywords = {Grid Computing}}

@unpublished{Buck06,
	Author = {Paul Buck},
	Keywords = {Grid Computing},
	Month = jan,
	Note = {Available at http://boinc-doc.net/site-misc/average-processing-time.php5},
	Title = {Work Unit Processing Time},
	Year = 2006}

@article{BurnsJSA00,
	Author = {A. Burns and D. Prasad and A. Bandavalli and F. D. Giandomenico and K. Ramamritham and J. Stankovic and L. Strigini},
	Journal = {Journal of Systems Architecture},
	Keywords = {Grid Computing},
	Month = jan,
	Number = 4,
	Pages = {305--325},
	Title = {The meaning and role of value in scheduling flexible real-time systems},
	Volume = 46,
	Year = 2000}

@inproceedings{SulistioESCIENCE07,
	Author = {Anthony Sulistio and Kyong Hoon Kim and Rajkumar Buyya},
	Booktitle = {Proceedings of the International Conference on e-Science and Grid Computing},
	Keywords = {Grid Computing},
	Location = {Bangalore, India},
	Month = dec,
	Title = {Using Revenue Management to Determine Pricing of Reservations},
	Year = 2007}

@article{BuyyaCCPE02,
	Author = {Rajkumar Buyya and Manzur Murshed},
	Journal = {Concurrency and Computation: Practice and Experience},
	Keywords = {Grid Computing},
	Month = {Nov.-Dec.},
	Number = {13-15},
	Pages = {1175--1220},
	Title = {{GridSim}: a toolkit for the modeling and simulation of distributed resource management and scheduling for {Grid} computing},
	Volume = 14,
	Year = 2002}

@inproceedings{BuyyaICCAHPC01,
	Author = {Rajkumar Buyya and Heinz Stockinger and Johnathan Giddy and David Abramson},
	Booktitle = {Proceedings of the SPIE International Conference on Commercial Applications for High-Performance Computing},
	Keywords = {Grid Computing},
	Location = {Denver, CO},
	Month = aug,
	Title = {Economic Models for Management of Resources in Peer-to-Peer and Grid Computing},
	Year = 2001}

@inproceedings{CaracasMGC07,
	Author = {Alexandru Caracas and Jon Altmann},
	Booktitle = {Proceedings of the International Workshop on Middleware for Grid Computing},
	Keywords = {Grid Computing},
	Location = {Newport Beach, CO},
	Month = nov,
	Title = {A Pricing Information Service for Grid Computing},
	Year = 2007}

@misc{ChernevakGGF01,
	Author = {A. Chernevak},
	Keywords = {Grid Computing},
	Location = {Amsterdam},
	Month = mar,
	Title = {An Architecture for Replica Management in Grid Computing Environments},
	Type = {Global Grid Forum Working Draft},
	Year = 2001}

@inproceedings{ChristensenESCIENCE05,
	Author = {Carl Christensen and Tolu Aina and David Stainforth},
	Booktitle = {Proceedings of the IEEE International Conference on e-Science and Grid Computing},
	Keywords = {Grid Computing},
	Location = {Melbourne, Australia},
	Month = dec,
	Pages = {8--15},
	Title = {The Challenge of Volunteer Computing with Lengthy Climate Model Simulations},
	Year = 2005}

@inproceedings{ChunCCGRID02,
	Author = {Brent N. Chun and David E. Culler},
	Booktitle = {Proceedings of the IEEE International Symposium on Cluster Computing and the Grid},
	Keywords = {Grid Computing},
	Location = {Berlin, Germany},
	Month = may,
	Pages = {30--38},
	Title = {User-centric Performance Analysis of Market-based Cluster Batch Schedulers},
	Year = 2002}

@article{CirneJGC06,
	Author = {Walfredo Cirne and Francisco Brasileiro and Nazareno Andrade and Lauro B. Costa and Alisson Andrade and Reynaldo Novaes and Miranda Mowbray},
	Journal = {Journal of Grid Computing},
	Keywords = {Grid Computing},
	Month = sep,
	Number = 3,
	Pages = {225--246},
	Title = {Labs of the World, Unite!!!},
	Volume = 4,
	Year = 2006}

@inproceedings{CzajkowskiJSSPP02,
	Author = {Karl Czajkowski and Ian Foster and Carl Kesselman and Volker Sander and Steven Tuecke},
	Booktitle = {Proceedings of Workshop on Job Scheduling Strategies for Parallel Processing},
	Keywords = {Grid Computing},
	Month = jul,
	Title = {{SNAP: A} Protocol for Negotiating Service Lev\-el Agreements and Coordinating Resource Management in Distributed Systems},
	Year = 2002}

@book{Foster98,
	Address = {San Francisco, CA},
	Editor = {Ian Foster and Carl Kesselman},
	Keywords = {Grid Computing},
	Publisher = {Morgan Kaufmann Publishers},
	Title = {The Grid: Blueprint for a New Computing Infrastructure},
	Year = 1998}

@article{FosterGRIDTODAY02,
	Author = {Ian Foster},
	Journal = {Grid Today},
	Keywords = {Grid Computing},
	Month = jul,
	Title = {What is the {Grid? A} Three Point Checklist},
	Year = 2002}

@inproceedings{Globus,
	Author = {K. Czajkowski and S. Fitzgerald and I. Foster and C. Kesselman},
	Booktitle = hpdc,
	Keywords = {Grid Computing},
	Location = {San Francisco, CA},
	Month = aug,
	Pages = {181--194},
	Title = {Grid Information Services for Distributed Resource Sharing},
	Year = 2001}

@misc{GlobusReplica,
	Author = {{Globus Data Management Group}},
	Keywords = {Grid Computing},
	Month = jan,
	Title = {A Replica Management Service for High-Performance Data Grids},
	Type = {Technical Report},
	Year = 2001}

@misc{HearnMS06,
	Author = {Michael Hearn},
	Howpublished = {M.S. thesis, Dept. of Computer Science, University of Durham},
	Title = "Security-oriented fast local {RPC}",
	Year = 2006}

@inproceedings{HoschekGRID00,
	Author = {Wolfgang Hoschek and Javier Jaen-Martinez and Asad Samar and Heinz Stockinger and Kurt Stockinger},
	Booktitle = {IEEE/ACM International Workshop on Grid Computing},
	Keywords = {Grid Computing},
	Location = {Bangalore, INDIA},
	Month = dec,
	Pages = {77--90},
	Title = {Data Management in an International Data Grid Project},
	Year = 2000}

@techreport{HPL-2002-219,
	Author = {Magnus Karlsson and Christos Karamanolis and Mallik Mahalingam},
	Institution = {Hewlett-Packard},
	Keywords = {Grid Computing},
	Month = aug,
	Number = {HPL-2002-219},
	Title = {A Framework for Evaluating Replica Placement Algorithms},
	Type = {Technical Report},
	Year = 2002}

@inproceedings{IrwinHPDC04,
	Author = {David E. Irwin and Laura E. Crit and Jeffrey S. Chase},
	Booktitle = hpdc,
	Keywords = {Grid Computing},
	Month = jun,
	Pages = {160--169},
	Title = {Balancing Risk and Reward in a Market-based Task Service},
	Year = 2004}

@inproceedings{KettimuthuIPDPS07,
	Author = {Rajkumar Kettimuthu and William Allcock and Lee Liming and John-Paul Navarro and Ian Foster},
	Booktitle = ipdps,
	Keywords = {Grid Computing},
	Title = {{GridCopy: Moving} Data Fast on the Grid},
	Year = 2007}

@inproceedings{KondoIPDPS04,
	Author = {Derrick Kondo and Michela Taufer and Brooks III, Charles L. and Henri Casanova and Andrew Chien},
	Booktitle = ipdps,
	Keywords = {Grid Computing},
	Title = {Characterizing and Evaluating Desktop Grids: An Empirical Study},
	Year = 2004}

@inproceedings{LamehamediICA3PP02,
	Author = {Houda Lamehamedi and Boleslaw Szymanski and Zujun Shentu and Ewa Deelman},
	Booktitle = {Proceedings of International Conference on Algorithms and Architectures for Parallel Processing},
	Keywords = {Grid Computing},
	Pages = {378-383},
	Title = {Data Replication Strategies in Grid Environments},
	Year = 2002}

@inproceedings{LiuCCGRID06,
	Author = {Pangfeng Liu and Jan-Jan Wu},
	Booktitle = {Proceedings of the IEEE International Symposium on Cluster Computing and the Grid},
	Keywords = {Grid Computing},
	Location = {Singapore},
	Month = may,
	Pages = {417--420},
	Title = {Optimal Replica Placement Strategy for Hierarchical Data Grid Systems},
	Year = 2006}

@misc{MoneyBee,
	Author = {i42 Informationsmanagement GmbH},
	Keywords = {Grid Computing},
	Title = {http://\-www\-.mon\-ey\-bee.net}}

@techreport{OGSA-ARCH,
	Author = {I. Foster and H. Kishimoto and A. Savva and D. Berry and A. Djaoui and A. Grimshaw and B. Horn and F. Maciel and F. Siebenlist and R. Subramaniam and J. Treadwell and Von Reich, J.},
	Institution = {Global Grid Form OGSA Working Group},
	Keywords = {Grid Computing},
	Month = jan,
	Number = {GFD-I.030},
	Title = {The Open Grid Services Architecture, Version 1.0},
	Type = {Document},
	Year = 2005}

@misc{Parabon,
	Author = {{Parabon Computation}},
	Howpublished = {http://\-www.parabon.com},
	Keywords = {Grid Computing}}

@misc{PlanetLab,
	Author = {PlanetLab},
	Howpublished = {http://www.planet-lab.org},
	Keywords = {Grid Computing},
	Month = feb,
	Note = {v. 3.242},
	Year = 2005}

@article{RamanCLUSTER99,
	Author = {Rajesh Raman and Miron Livny and Marvin H. Solomon},
	Journal = {Cluster Computing},
	Keywords = {Grid Computing},
	Number = 2,
	Pages = {129--138},
	Title = {Matchmaking: {An} extensible framework for distributed resource management},
	Volume = 2,
	Year = 1999}

@inproceedings{RamanHPDC98,
	Author = {Rajesh Raman and Miron Livny and Marvin H. Solomon},
	Booktitle = hpdc,
	Keywords = {Grid Computing},
	Location = {Chicago, IL},
	Pages = {140--146},
	Title = {Matchmaking: {Distributed} Resource Management for High Throughput Computing},
	Year = 1998}

@inproceedings{ShneidmanHOTOS05,
	Author = {Jeffrey Shneidman and Chaki Ng and David C. Parkes and Alvin AuYoung and Alex C. Snoeren and Amin Vahdat and Brent Chun},
	Booktitle = {HOTOS X},
	Keywords = {Grid Computing},
	Location = {Santa Fe, NM},
	Month = jun,
	Title = {Why Markets Could (But Don't Currently) Solve Resource Allocation Problems in Systems},
	Year = 2005}

@misc{SottrupMS05,
	Author = {Christian Ulrik S{\o}ttrup and Jakob Gregor Pedersen},
	Howpublished = {M.S. thesis, Dept. of Computer Science, University of Copenhagen},
	Keywords = {Grid Computing},
	Month = mar,
	Title = {Developing Distributed Computing Solutions Combining Grid Computing and Public Computing},
	Year = 2005}

@article{StainforthCISE02,
	Author = {Dave Stainforth and Jamie Kettleborough and Myles Allen and Mat Collins and Andy Heaps and James Murphy},
	Journal = {Computing in Science and Engineering},
	Keywords = {Grid Computing},
	Number = 3,
	Pages = {82--89},
	Title = {Distributed Computing for Public-Interest Modeling Research},
	Volume = 4,
	Year = 2002}

@inproceedings{SulistioICOMP05,
	Author = {Anthony Sulistio and Gokul Poduvaly and Rajkumar Buyya and Chen-Khong Tham},
	Booktitle = {Proceedings of International Conference on Internet Computing},
	Keywords = {Grid Computing},
	Location = {Las Vegas, NV},
	Month = jun,
	Title = {Constructing a Grid Simulation with Differentiated Network Service using {GridSim}},
	Year = 2005}

@article{ThainCCPE05,
	Author = {Douglas Thain and Todd Tannenbaum and Miron Livny},
	Journal = {Concurrency and Computation: Practice and Experience},
	Keywords = {Grid Computing},
	Month = {Feb.-Apr.},
	Number = {2--4},
	Pages = {323--356},
	Title = {Distributed Computing in Practice: The {Condor} Experience},
	Volume = 17,
	Year = {2005}}

@misc{UnitedDevices,
	Author = {{United Devices}},
	Howpublished = {http://\-www.ud.com}}

@misc{UnivaUD,
	Author = {{UnivaUD}},
	Howpublished = {http://\-www.univaud.com}}

@inproceedings{WolskiWNGS05,
	Author = {Rich Wolski and Daniel Nurmi and John Brevik and Henri Casanova and Andrew Chien},
	Booktitle = {Proceedings of the Workshop on Next Generation Software, IPDPS},
	Keywords = {Grid Computing},
	Title = {Models and Modeling Infrastructures for Global Computational Platforms},
	Year = 1998}

@inproceedings{YeoCLUSTER05,
	Author = {Chee Shin Yeo and Rajkumar Buyya},
	Booktitle = {Proceedings of IEEE International Conference on Cluster Computing},
	Keywords = {Grid Computing},
	Location = {Boston, CA},
	Month = sep,
	Title = {Service Level Agreement based Allocation of Cluster Resources: {Handling} Penalty to Enhance Utility},
	Year = 2005}

@inproceedings{ZhangPARSCHED04,
	Author = {Yanyong Zhang and Mark S. Squillante and Anand Sivasubramaniam and Ramendra K. Sahoo},
	Booktitle = {Proceedings of the Workshop on Job Sched\-uling Strategies for Parallel Processing},
	Keywords = {Grid Computing},
	Title = {Performance Implications of Failures in Large-scale Cluster Scheduling},
	Year = 2004}

@article{ZhouSPE93,
	Author = {Songnian Zhou and Xiaohu Zheng and Jingwen Wang and Pierre Delisle},
	Journal = {Software Practice and Experience},
	Keywords = {Grid Computing},
	Month = dec,
	Number = 12,
	Pages = {1305--1336},
	Title = {Utopia: a Load Sharing Facility for Large, Heterogeneous Distributed Computer Systems},
	Volume = 23,
	Year = 1993}

@inproceedings{BeynonMSS00,
	Author = {Michael Beynon and Renato Ferreira and Alan Sussman and Joel Saltz},
	Booktitle = msst,
	Keywords = {Data Intensive Computing},
	Title = {{DataCutter: Middleware} for Filtering Very Large Scientific Datasets on Archival Storage Systems},
	Year = 2000}

@inproceedings{ChangIPPS99,
	Author = {Chialin Chang and Renato Ferreira and Alan Sussman and Joel Saltz},
	Booktitle = ipps,
	Keywords = {Data Intensive Computing},
	Title = {Infrastructure for Building Parallel Database Systems for Multi-dimensional Data},
	Year = 1999}

@article{DeanCACM08,
	Author = {Jeffrey Dean and Sanjay Ghemawat},
	Journal = cacm,
	Keywords = {Data Intensive Computing},
	Month = jan,
	Number = 1,
	Pages = {107-113},
	Title = {{MapReduce: Simplified} Data Processing on Large Clusters},
	Volume = 51,
	Year = 2008}

@inproceedings{DeanOSDI04,
	Author = {Jeffrey Dean and Sanjay Ghemawat},
	Booktitle = osdi,
	Keywords = {Data Intensive Computing},
	Title = {{MapReduce: Simplified} Data Processing on Large Clusters},
	Year = 2004}

@inproceedings{MorettiIPDPS08,
	Author = {Christopher Moretti and Jared Bulosan and Douglas Thain and Patrick J. Flynn},
	Booktitle = ipdps,
	Keywords = {Data Intensive Computing},
	Title = {{All-Pairs: An} Abstraction for Data-Intensive Cloud Computing},
	Year = 2008}

@article{PikeSCIPROG05,
	Author = {Rob Pike and Sean Dorward and Robert Griesemer and Sean Quinlan},
	Journal = {Scientific Programming},
	Keywords = {Data Intensive Computing},
	Number = 4,
	Pages = {277-298},
	Title = {Interpreting the data: {Parallel} analysis with {Sawzall}},
	Volume = 13,
	Year = 2005}

@inproceedings{ZahariaOSDI08,
	Author = {Matei Zaharia and Andy Konwinski and Anthony D. Joseph and Randy Katz and Ion Stoica},
	Booktitle = osdi,
	Keywords = {Data Intensive Computing},
	Title = {Improving {MapReduce} Performance in Heterogeneous Environments},
	Year = 2008}

@misc{RamaniMS09,
	Author = {Thiruvenkata Ramani, Anuradharthi},
	Howpublished = {M.S. Thesis, University of Connecticut},
	Month = may,
	Note = {Department of Electrical and Computer Engineering},
	Title = {An Analysis of Parallel Programming Techniques for Data Intensive Computation},
	Year = 2009}

@inproceedings{RamaniPDPTA09,
	Author = {Thiruvenkata Ramani, Anuradharthi and John A. Chandy},
	Booktitle = pdpta,
	Date-Modified = {2011-12-10 05:37:26 +0530},
	Location = {Las Vegas, NV},
	Month = jul,
	Pages = {373--379},
	Title = {An Analysis of Parallel Programming Techniques for Data Intensive Computation},
	Year = 2009}

@article{KouzesCOMP09,
	Author = {Richard T. Kouzes and Gordon A. Anderson and Stephen T. Elbert and Ian Gorton and Deborah K. Gracio},
	Journal = computer,
	Keywords = {Parallel Programming},
	Month = jan,
	Pages = {26--34},
	Title = {The Changing Paradigm of Data-Intensive Computing},
	Year = 2009}

@misc{Hadoop,
	Howpublished = {http://\-hadoop.\-apache.org},
	Title = {{Apache Hadoop}}}

@inproceedings{BieniaPACT08,
	Author = {Christian Bienia and Sanjeev Kumar and Jaswinder Pal Singh and Kai Li},
	Booktitle = {Proceedings of the International Conference on Parallel Architectures and Compilation Techniques},
	Month = oct,
	Title = {The {PARSEC} Benchmark Suite: Characterization and Architectural Implications},
	Year = {2008}}
