%% This BibTeX bibliography file was created using BibDesk.
%% http://bibdesk.sourceforge.net/


%% Created for John Chandy at 2012-03-16 11:03:40 -0400 


%% Saved with string encoding Unicode (UTF-8) 



@inproceedings{RundeMSST12,
	Author = {Michael T. Runde and Wesley G. Stevens and Paul A. Wortman and John A. Chandy},
	Booktitle = msst,
	Date-Added = {2012-03-16 11:01:50 -0400},
	Date-Modified = {2012-03-16 11:02:31 -0400},
	Keywords = {active disks},
	Month = {April},
	Title = {An Active Storage Framework for Object Storage Devices},
	Year = {2012}}

@inproceedings{MeyerFAST11,
	Author = {Dutch T. Meyer and William J. Bolosky},
	Booktitle = fast,
	Date-Added = {2012-02-13 21:47:41 -0500},
	Date-Modified = {2012-02-13 21:49:27 -0500},
	Month = feb,
	Title = {A Study of Practical Deduplication},
	Year = {2011},
	Bdsk-File-1 = {YnBsaXN0MDDUAQIDBAUIJidUJHRvcFgkb2JqZWN0c1gkdmVyc2lvblkkYXJjaGl2ZXLRBgdUcm9vdIABqAkKFRYXGyIjVSRudWxs0wsMDQ4RFFpOUy5vYmplY3RzV05TLmtleXNWJGNsYXNzog8QgASABqISE4ACgAOAB1lhbGlhc0RhdGFccmVsYXRpdmVQYXRo0hgNGRpXTlMuZGF0YU8RAdYAAAAAAdYAAgAADE1hY2ludG9zaCBIRAAAAAAAAAAAAAAAAAAAAMFW1JJIKwAAAAg0sQ9tZXllckZBU1QxMS5wZGYAAAAAAAAAAAAAAAAAAAAAAAAAAAAAAAAAAAAAAAAAAAAAAAAAAAAAAAAAAAAAAAACZFwKyhY9igAAAAAAAAAAAAIABAAACSAAAAAAAAAAAAAAAAAAAAAJTWljcm9zb2Z0AAAQAAgAAMFXDNIAAAARAAgAAMoWdcoAAAABABwACDSxAAgzfgAIMVgACDEyAAgiUgAH2GwAAG8ZAAIAVk1hY2ludG9zaCBIRDpVc2VyczpqY2hhbmR5OkRvY3VtZW50czpSZXNlYXJjaDpPdGhlcnM6c3RvcmFnZTpNaWNyb3NvZnQ6bWV5ZXJGQVNUMTEucGRmAA4AIAAPAG0AZQB5AGUAcgBGAEEAUwBUADEAMQAuAHAAZABmAA8AGgAMAE0AYQBjAGkAbgB0AG8AcwBoACAASABEABIASVVzZXJzL2pjaGFuZHkvRG9jdW1lbnRzL1Jlc2VhcmNoL090aGVycy9zdG9yYWdlL01pY3Jvc29mdC9tZXllckZBU1QxMS5wZGYAABMAAS8AABUAAgAO//8AAIAF0hwdHh9YJGNsYXNzZXNaJGNsYXNzbmFtZaMfICFdTlNNdXRhYmxlRGF0YVZOU0RhdGFYTlNPYmplY3RfEC4uLi8uLi9PdGhlcnMvc3RvcmFnZS9NaWNyb3NvZnQvbWV5ZXJGQVNUMTEucGRm0hwdJCWiJSFcTlNEaWN0aW9uYXJ5EgABhqBfEA9OU0tleWVkQXJjaGl2ZXIACAARABYAHwAoADIANQA6ADwARQBLAFIAXQBlAGwAbwBxAHMAdgB4AHoAfACGAJMAmACgAnoCfAKBAooClQKZAqcCrgK3AugC7QLwAv0DAgAAAAAAAAIBAAAAAAAAACgAAAAAAAAAAAAAAAAAAAMU}}

@article{HuOSR10,
	Author = {Wenjin Hu and Tao Yang and Jeanna N. Matthews},
	Date-Added = {2012-02-13 21:42:41 -0500},
	Date-Modified = {2012-02-13 21:45:38 -0500},
	Journal = osr,
	Month = {July},
	Number = {3},
	Pages = {110-115},
	Title = {The Good, the Bad and the Ugly of Consumer Cloud Storage},
	Volume = {44},
	Year = {2010}}

@techreport{DuTR06,
	Address = {Minneapolis, MN},
	Author = {David Du and Dingshan He and Changjin Hong and Jaehoon Jeong and Vishal Kher and Yongdae Kim},
	Date-Added = {2012-01-23 16:09:20 -0500},
	Date-Modified = {2012-01-23 16:09:20 -0500},
	Institution = {Digital Technology Center, University of Minnesota},
	Number = {DTC 2006/13},
	Title = {Experiences in Building an Object-Based Storage System based on the {OSD T-10} Standard},
	Year = 2006}

@inproceedings{MuniswamyReddyUSENIX06,
	Author = {Kiran-Kumar Muniswamy-Reddy and David A. Holland and Uri Braun and Margo Seltzer},
	Booktitle = usenix,
	Date-Added = {2011-12-19 09:52:19 -0500},
	Date-Modified = {2011-12-19 09:53:07 -0500},
	Month = jun,
	Pages = {43--56},
	Title = {Provenance-Aware Storage Systems},
	Year = {2006}}

@techreport{ZadokTR98,
	Address = {New York, NY},
	Annote = {Stony Brook},
	Author = {Erez Zadok and Ion Badulescu and Alex Shender},
	Date-Added = {2011-12-19 09:46:04 -0500},
	Date-Modified = {2011-12-19 09:46:04 -0500},
	Institution = {Columbia University},
	Number = {CUCS-021-98},
	Title = {Cryptfs: {A} Stackable Vnode Level Encryption File System},
	Type = {Technical Report},
	Year = 1998}

@inproceedings{AranyaFAST04,
	Author = {Akshat Aranya and Charles P. Wright and Erez Zadok},
	Booktitle = fast,
	Date-Added = {2011-12-19 09:18:15 -0500},
	Date-Modified = {2011-12-19 09:19:06 -0500},
	Month = mar,
	Pages = {129--143},
	Title = {Tracefs: A File System to Trace Them All},
	Year = {2004}}

@inproceedings{ZadokUSENIX99,
	Author = {Erez Zadok and Ion Badulescu and Alex Shender},
	Booktitle = usenix,
	Date-Added = {2011-12-19 09:15:16 -0500},
	Date-Modified = {2011-12-19 09:16:08 -0500},
	Month = jun,
	Pages = {57--70},
	Title = {Extending File Systems Using Stackable Templates},
	Year = {1999}}

@article{HeidemannTOCS94,
	Author = {John S. Heidemann and Gerald J. Popek},
	Date-Added = {2011-12-19 09:13:50 -0500},
	Date-Modified = {2011-12-19 09:14:37 -0500},
	Journal = tocs,
	Month = feb,
	Pages = {58--89},
	Title = {File System Development with Stackable Layers},
	Volume = {12},
	Year = {1994}}

@article{HsuTOCS05,
	Author = {Windsor W. Hsu and Alan Jay Smith and Honesty C. Young},
	Date-Added = {2011-12-19 02:23:52 -0500},
	Date-Modified = {2011-12-19 02:25:28 -0500},
	Journal = tocs,
	Month = nov,
	Number = {4},
	Pages = {424--473},
	Title = {The automatic improvement of locality in storage systems},
	Volume = {23},
	Year = {2005}}

@misc{Btrfs,
	Date-Added = {2011-12-19 01:50:38 -0500},
	Date-Modified = {2011-12-19 10:51:50 -0500},
	Title = {Btrfs},
	Url = {https://btrfs.wiki.kernel.org/},
	Year = {2011},
	Bdsk-Url-1 = {https://btrfs.wiki.kernel.org/}}

@article{LiTOS05,
	Author = {Zhenmin Li and Zhifeng Chen and Yuanyuan Zhou},
	Date-Added = {2011-12-18 22:22:22 -0500},
	Date-Modified = {2011-12-18 22:23:31 -0500},
	Journal = {ACM Transactions on Storage},
	Month = may,
	Number = {2},
	Pages = {213--245},
	Title = {Mining block correlations to improve storage performance},
	Volume = {1},
	Year = {1995}}

@inproceedings{PattersonSOSP95,
	Author = {R.H. Patterson and G.A. Gibson and E. Ginting and D. Stodolsky and J. Zelenka},
	Booktitle = sosp,
	Date-Added = {2011-12-18 22:17:50 -0500},
	Date-Modified = {2011-12-18 22:19:12 -0500},
	Month = dec,
	Pages = {79--95},
	Title = {Informed prefetching and caching},
	Year = {1995}}

@inproceedings{CaoSIGMETRICS95,
	Author = {Pei Cao and Edward W. Felten and Anna R. Karlin and Kai Li},
	Booktitle = sigmetrics,
	Date-Added = {2011-12-18 22:15:20 -0500},
	Date-Modified = {2011-12-18 22:16:52 -0500},
	Pages = {188--197},
	Title = {A study of integrated prefetching and caching strategies},
	Year = {1995}}

@inproceedings{KuenningWMCSA94,
	Author = {G.H. Kuenning},
	Booktitle = {Proceedings of the Workshop on Mobile Computing Systems and Applications},
	Date-Added = {2011-12-18 22:13:33 -0500},
	Date-Modified = {2011-12-19 02:22:30 -0500},
	Title = {The Design of the {SEER} Predictive Caching System},
	Year = {1994}}

@incollection{WangPrefetch10,
	Author = {Fengguang Wang},
	Booktitle = {Advanced Operating Systems and Kernel Applications: Techniques and Technologies},
	Date-Added = {2011-12-18 20:02:56 -0500},
	Date-Modified = {2011-12-18 20:08:40 -0500},
	Editor = {Yair Wiseman and Song Jiang},
	Publisher = {IGI Global},
	Title = {Sequential File Prefetching in {Linux}},
	Year = {2010}}

@article{DeesPOTENTIALS05,
	Author = {B. Dees},
	Date-Added = {2011-12-18 10:41:06 -0500},
	Date-Modified = {2011-12-18 10:41:56 -0500},
	Journal = {IEEE Potentials},
	Month = oct,
	Number = {4},
	Pages = {4--7},
	Title = {Native command queuing - advanced performance in desktop storage},
	Volume = {24},
	Year = {2005}}

@misc{exofs,
	Author = {Boaz Harrosh and Benny Halevy},
	Company = {Panasas, Inc.},
	Date-Added = {2011-12-18 08:26:06 -0500},
	Date-Modified = {2011-12-18 08:27:23 -0500},
	Howpublished = {http://www.open-osd.org/bin/viewfile/Main/WebHome?rev=2;filename=exofs-pnfs-mds-design-2009-10-15.html},
	Month = oct,
	Title = {The {Linux} Exofs Object-based {pNFS} MetaData Server},
	Year = {2009}}

@inproceedings{WorthingtonSIGMETRICS94,
	Author = {Bruce L. Worthington and Gregory R. Ganger and Yale N. Patt},
	Booktitle = sigmetrics,
	Date-Added = {2011-12-16 19:02:41 -0500},
	Date-Modified = {2011-12-16 19:04:19 -0500},
	Month = may,
	Pages = {241--251},
	Title = {Scheduling Algorithms for Modern Disk Drives},
	Year = {1994}}

@techreport{HPL-91-179,
	Address = {Palo Alto, CA},
	Author = {Robert M. English and Alexander A. Stepanov},
	Date-Added = {2011-12-16 18:58:42 -0500},
	Date-Modified = {2011-12-16 18:58:42 -0500},
	Institution = {Hewlett-Packard},
	Month = dec,
	Number = {HPL-91-179},
	Title = {Loge: A Self-Organizing Disk Controller},
	Type = {Technical Report},
	Year = 1991}

@article{GeistTOCS87,
	Author = {Robert Geist and Stephen Daniel},
	Date-Added = {2011-12-16 18:55:49 -0500},
	Date-Modified = {2011-12-16 18:57:00 -0500},
	Journal = tocs,
	Month = feb,
	Number = {1},
	Pages = {77--92},
	Title = {A Continuum of Disk Scheduling Algorithms},
	Volume = {5},
	Year = {1987}}

@techreport{IDCWhitePaper07,
	Author = {John F. Gantz and David Reinsel and Christopher Chute and Wolfgang Schlichting and John McArthur and Stephen Minton and Irida Xheneti and Anna Toncheva and Alex Manfrediz},
	Date-Added = {2011-11-30 16:17:23 -0500},
	Date-Modified = {2011-11-30 16:21:39 -0500},
	Institution = {IDC},
	Month = mar,
	Title = {The Expanding Digital Universe},
	Year = {2007}}

@webpage{Zooko08,
	Author = {Zooko Wilcox-O'Hearn},
	Date-Added = {2011-11-21 22:11:26 -0500},
	Date-Modified = {2011-11-21 22:15:01 -0500},
	Month = {March 20},
	Title = {Hack {Tahoe-LAFS!}},
	Url = {https://tahoe-lafs.org/hacktahoelafs/drew\_perttula.html},
	Year = {2008},
	Bdsk-Url-1 = {https://tahoe-lafs.org/hacktahoelafs/drew%5C_perttula.html}}

@webpage{Bitcasa,
	Author = {Sarah Perez},
	Date-Added = {2011-11-21 22:04:31 -0500},
	Date-Modified = {2011-11-21 22:05:36 -0500},
	Month = {September 18},
	Title = {Finally! {Bitcasa CEO} Explains How The Encryption Works},
	Url = {http://techcrunch.com/2011/09/18/bitcasa-explains-encryption},
	Year = {2011},
	Bdsk-Url-1 = {http://techcrunch.com/2011/09/18/bitcasa-explains-encryption}}

@inproceedings{DouceurICDCS02,
	Author = {John R. Douceur and Atul Adya and William J. Bolosky and Dan Simon and Marvin Theimer},
	Booktitle = icdcs,
	Date-Added = {2011-11-21 21:49:03 -0500},
	Date-Modified = {2011-11-22 06:45:50 -0500},
	Title = {Reclaiming Space from Duplicate Files in a Serverless Distributed File System},
	Year = {2002},
	Bdsk-File-1 = {YnBsaXN0MDDUAQIDBAUIJidUJHRvcFgkb2JqZWN0c1gkdmVyc2lvblkkYXJjaGl2ZXLRBgdUcm9vdIABqAkKFRYXGyIjVSRudWxs0wsMDQ4RFFpOUy5vYmplY3RzV05TLmtleXNWJGNsYXNzog8QgASABqISE4ACgAOAB1lhbGlhc0RhdGFccmVsYXRpdmVQYXRo0hgNGRpXTlMuZGF0YU8RAeIAAAAAAeIAAgAADE1hY2ludG9zaCBIRAAAAAAAAAAAAAAAAAAAAMFW1JJIKwAAAAg0sRJkb3VjZXVySUNEQ1MwMi5wZGYAAAAAAAAAAAAAAAAAAAAAAAAAAAAAAAAAAAAAAAAAAAAAAAAAAAAAAAAAAAAACDS4v9HzxlBERiAAAAAAAAIABAAACSAAAAAAAAAAAAAAAAAAAAAJTWljcm9zb2Z0AAAQAAgAAMFXDNIAAAARAAgAAL/SOhYAAAABABwACDSxAAgzfgAIMVgACDEyAAgiUgAH2GwAAG8ZAAIAWU1hY2ludG9zaCBIRDpVc2VyczpqY2hhbmR5OkRvY3VtZW50czpSZXNlYXJjaDpPdGhlcnM6c3RvcmFnZTpNaWNyb3NvZnQ6ZG91Y2V1cklDRENTMDIucGRmAAAOACYAEgBkAG8AdQBjAGUAdQByAEkAQwBEAEMAUwAwADIALgBwAGQAZgAPABoADABNAGEAYwBpAG4AdABvAHMAaAAgAEgARAASAExVc2Vycy9qY2hhbmR5L0RvY3VtZW50cy9SZXNlYXJjaC9PdGhlcnMvc3RvcmFnZS9NaWNyb3NvZnQvZG91Y2V1cklDRENTMDIucGRmABMAAS8AABUAAgAO//8AAIAF0hwdHh9YJGNsYXNzZXNaJGNsYXNzbmFtZaMfICFdTlNNdXRhYmxlRGF0YVZOU0RhdGFYTlNPYmplY3RfEDEuLi8uLi9PdGhlcnMvc3RvcmFnZS9NaWNyb3NvZnQvZG91Y2V1cklDRENTMDIucGRm0hwdJCWiJSFcTlNEaWN0aW9uYXJ5EgABhqBfEA9OU0tleWVkQXJjaGl2ZXIACAARABYAHwAoADIANQA6ADwARQBLAFIAXQBlAGwAbwBxAHMAdgB4AHoAfACGAJMAmACgAoYCiAKNApYCoQKlArMCugLDAvcC/AL/AwwDEQAAAAAAAAIBAAAAAAAAACgAAAAAAAAAAAAAAAAAAAMj}}

@inproceedings{MuthitacharoenSOSP01,
	Author = {Athicha Muthitacharoen and Benjie Chen and David Mazi\`{e}res},
	Booktitle = sosp,
	Date-Added = {2011-11-21 21:00:00 -0500},
	Date-Modified = {2011-11-22 06:44:49 -0500},
	Month = {oct},
	Pages = {174--187},
	Title = {A Low-bandwidth Network File System},
	Year = {2001}}

@phdthesis{TridgellPHD99,
	Author = {Andrew Tridgell},
	Date-Added = {2011-11-21 20:58:00 -0500},
	Date-Modified = {2011-11-21 20:58:48 -0500},
	Month = {February},
	School = {Australian National University},
	Title = {Efficient Algorithms for Sorting and Synchronization},
	Year = {1999}}

@inproceedings{BoloskyWSS00,
	Author = {William J. Bolosky and Scott Corbin and David Goebel and John R. Douceur},
	Booktitle = {Proceedings of USENIX Windows Systems Symposium},
	Date-Added = {2011-11-21 20:50:51 -0500},
	Date-Modified = {2011-11-21 20:52:52 -0500},
	Month = {August},
	Title = {Single Instance Storage in {Windows} 2000},
	Year = {2000}}

@inproceedings{QinAINA06,
	Author = {Lingjun Qin and Dan Feng},
	Booktitle = {Proceedings of International Conference on Advanced Information Networking and Applications},
	Date-Added = {2011-09-21 20:48:56 -0400},
	Date-Modified = {2012-03-16 11:03:23 -0400},
	Keywords = {active disks},
	Month = {apr},
	Title = {Active Storage Framework for Object-based Storage Device},
	Year = {2006},
	Bdsk-File-1 = {YnBsaXN0MDDUAQIDBAUIJidUJHRvcFgkb2JqZWN0c1gkdmVyc2lvblkkYXJjaGl2ZXLRBgdUcm9vdIABqAkKFRYXGyIjVSRudWxs0wsMDQ4RFFpOUy5vYmplY3RzV05TLmtleXNWJGNsYXNzog8QgASABqISE4ACgAOAB1lhbGlhc0RhdGFccmVsYXRpdmVQYXRo0hgNGRpXTlMuZGF0YU8RAbQAAAAAAbQAAgAADE1hY2ludG9zaCBIRAAAAAAAAAAAAAAAAAAAAMFW1JJIKwAAAAgzfg1xaW5BSU5BMDYucGRmAAAAAAAAAAAAAAAAAAAAAAAAAAAAAAAAAAAAAAAAAAAAAAAAAAAAAAAAAAAAAAAAAAAAWYrTw5AzEFBERiBDQVJPAAIAAwAACSAAAAAAAAAAAAAAAAAAAAAHc3RvcmFnZQAAEAAIAADBVwzSAAAAEQAIAADDkHlgAAAAAQAYAAgzfgAIMVgACDEyAAgiUgAH2GwAAG8ZAAIASk1hY2ludG9zaCBIRDpVc2VyczpqY2hhbmR5OkRvY3VtZW50czpSZXNlYXJjaDpPdGhlcnM6c3RvcmFnZTpxaW5BSU5BMDYucGRmAA4AHAANAHEAaQBuAEEASQBOAEEAMAA2AC4AcABkAGYADwAaAAwATQBhAGMAaQBuAHQAbwBzAGgAIABIAEQAEgA9VXNlcnMvamNoYW5keS9Eb2N1bWVudHMvUmVzZWFyY2gvT3RoZXJzL3N0b3JhZ2UvcWluQUlOQTA2LnBkZgAAEwABLwAAFQACAA7//wAAgAXSHB0eH1gkY2xhc3Nlc1okY2xhc3NuYW1lox8gIV1OU011dGFibGVEYXRhVk5TRGF0YVhOU09iamVjdF8QIi4uLy4uL090aGVycy9zdG9yYWdlL3FpbkFJTkEwNi5wZGbSHB0kJaIlIVxOU0RpY3Rpb25hcnkSAAGGoF8QD05TS2V5ZWRBcmNoaXZlcgAIABEAFgAfACgAMgA1ADoAPABFAEsAUgBdAGUAbABvAHEAcwB2AHgAegB8AIYAkwCYAKACWAJaAl8CaAJzAncChQKMApUCugK/AsICzwLUAAAAAAAAAgEAAAAAAAAAKAAAAAAAAAAAAAAAAAAAAuY=}}

@inproceedings{XieMSST11,
	Author = {Yulai Xie and Kiran-Kumar Muniswamy-Reddy and Dan Feng and Darrell D. E. Long and Yangwook Kang and Zhongying Niu and Zhipeng Tan},
	Booktitle = {msst},
	Date-Added = {2011-09-21 20:45:50 -0400},
	Date-Modified = {2012-03-16 11:03:23 -0400},
	Keywords = {active disks},
	Title = {Design and Evaluation of Oasis: An Active Storage Framework based on T10 OSD Standard},
	Year = {2011},
	Bdsk-File-1 = {YnBsaXN0MDDUAQIDBAUIJidUJHRvcFgkb2JqZWN0c1gkdmVyc2lvblkkYXJjaGl2ZXLRBgdUcm9vdIABqAkKFRYXGyIjVSRudWxs0wsMDQ4RFFpOUy5vYmplY3RzV05TLmtleXNWJGNsYXNzog8QgASABqISE4ACgAOAB1lhbGlhc0RhdGFccmVsYXRpdmVQYXRo0hgNGRpXTlMuZGF0YU8RAb4AAAAAAb4AAgAADE1hY2ludG9zaCBIRAAAAAAAAAAAAAAAAAAAAMFW1JJIKwAAAAg1Hw14aWVNU1NUMTEucGRmAAAAAAAAAAAAAAAAAAAAAAAAAAAAAAAAAAAAAAAAAAAAAAAAAAAAAAAAAAAAAAAAAAACYMM5yg1a/QAAAAAAAAAAAAIABAAACSAAAAAAAAAAAAAAAAAAAAAEVUNTQwAQAAgAAMFXDNIAAAARAAgAAMoNkz0AAAABABwACDUfAAgzfgAIMVgACDEyAAgiUgAH2GwAAG8ZAAIAT01hY2ludG9zaCBIRDpVc2VyczpqY2hhbmR5OkRvY3VtZW50czpSZXNlYXJjaDpPdGhlcnM6c3RvcmFnZTpVQ1NDOnhpZU1TU1QxMS5wZGYAAA4AHAANAHgAaQBlAE0AUwBTAFQAMQAxAC4AcABkAGYADwAaAAwATQBhAGMAaQBuAHQAbwBzAGgAIABIAEQAEgBCVXNlcnMvamNoYW5keS9Eb2N1bWVudHMvUmVzZWFyY2gvT3RoZXJzL3N0b3JhZ2UvVUNTQy94aWVNU1NUMTEucGRmABMAAS8AABUAAgAO//8AAIAF0hwdHh9YJGNsYXNzZXNaJGNsYXNzbmFtZaMfICFdTlNNdXRhYmxlRGF0YVZOU0RhdGFYTlNPYmplY3RfECcuLi8uLi9PdGhlcnMvc3RvcmFnZS9VQ1NDL3hpZU1TU1QxMS5wZGbSHB0kJaIlIVxOU0RpY3Rpb25hcnkSAAGGoF8QD05TS2V5ZWRBcmNoaXZlcgAIABEAFgAfACgAMgA1ADoAPABFAEsAUgBdAGUAbABvAHEAcwB2AHgAegB8AIYAkwCYAKACYgJkAmkCcgJ9AoECjwKWAp8CyQLOAtEC3gLjAAAAAAAAAgEAAAAAAAAAKAAAAAAAAAAAAAAAAAAAAvU=}}

@inproceedings{ZhangAINA08,
	Author = {Yu Zhang and Dan Feng},
	Booktitle = {Proceedings of International Conference on Advanced Information Networking and Applications},
	Date-Added = {2011-09-21 18:11:09 -0400},
	Date-Modified = {2012-03-16 11:03:23 -0400},
	Keywords = {active disks},
	Pages = {644--651},
	Title = {An Active Storage System for High Performance Computing},
	Year = {2008},
	Bdsk-File-1 = {YnBsaXN0MDDUAQIDBAUIJidUJHRvcFgkb2JqZWN0c1gkdmVyc2lvblkkYXJjaGl2ZXLRBgdUcm9vdIABqAkKFRYXGyIjVSRudWxs0wsMDQ4RFFpOUy5vYmplY3RzV05TLmtleXNWJGNsYXNzog8QgASABqISE4ACgAOAB1lhbGlhc0RhdGFccmVsYXRpdmVQYXRo0hgNGRpXTlMuZGF0YU8RAbwAAAAAAbwAAgAADE1hY2ludG9zaCBIRAAAAAAAAAAAAAAAAAAAAMFW1JJIKwAAAAgzfg96aGFuZ0FJTkEwOC5wZGYAAAAAAAAAAAAAAAAAAAAAAAAAAAAAAAAAAAAAAAAAAAAAAAAAAAAAAAAAAAAAAAAAl26zxQbG1lBERiBDQVJPAAIAAwAACSAAAAAAAAAAAAAAAAAAAAAHc3RvcmFnZQAAEAAIAADBVwzSAAAAEQAIAADFBv8WAAAAAQAYAAgzfgAIMVgACDEyAAgiUgAH2GwAAG8ZAAIATE1hY2ludG9zaCBIRDpVc2VyczpqY2hhbmR5OkRvY3VtZW50czpSZXNlYXJjaDpPdGhlcnM6c3RvcmFnZTp6aGFuZ0FJTkEwOC5wZGYADgAgAA8AegBoAGEAbgBnAEEASQBOAEEAMAA4AC4AcABkAGYADwAaAAwATQBhAGMAaQBuAHQAbwBzAGgAIABIAEQAEgA/VXNlcnMvamNoYW5keS9Eb2N1bWVudHMvUmVzZWFyY2gvT3RoZXJzL3N0b3JhZ2UvemhhbmdBSU5BMDgucGRmAAATAAEvAAAVAAIADv//AACABdIcHR4fWCRjbGFzc2VzWiRjbGFzc25hbWWjHyAhXU5TTXV0YWJsZURhdGFWTlNEYXRhWE5TT2JqZWN0XxAkLi4vLi4vT3RoZXJzL3N0b3JhZ2UvemhhbmdBSU5BMDgucGRm0hwdJCWiJSFcTlNEaWN0aW9uYXJ5EgABhqBfEA9OU0tleWVkQXJjaGl2ZXIACAARABYAHwAoADIANQA6ADwARQBLAFIAXQBlAGwAbwBxAHMAdgB4AHoAfACGAJMAmACgAmACYgJnAnACewJ/Ao0ClAKdAsQCyQLMAtkC3gAAAAAAAAIBAAAAAAAAACgAAAAAAAAAAAAAAAAAAALw}}

@conference{SonMSST10,
	Author = {S. W. Son and S. Lang and P. Carns and R. Ross and R. Thakur and B. Ozisikyilmaz and P. Kumar and W. K. Liao and A. Choudhary},
	Booktitle = msst,
	Date-Modified = {2012-03-16 11:03:23 -0400},
	Keywords = {active disks},
	Title = {Enabling Active Storage on Parallel {I/O} Software Stacks},
	Year = {2010}}

@phdthesis{NarayanPHD10,
	Author = {Sumit Narayan},
	Date-Added = {2010-12-14 14:29:25 -0500},
	Date-Modified = {2011-12-10 05:35:09 +0530},
	Month = jul,
	School = {University of Connecticut},
	Title = {Extendable Storage Framework for Reliable Clustered Storage Systems},
	Year = {2010}}

@inproceedings{NarayanSPECTS10,
	Author = {Sumit Narayan and John A. Chandy},
	Booktitle = {Proceedings of International Symposium on Performance Evaluation of Computer and Telecommunication Systems},
	Date-Added = {2010-05-13 14:11:29 -0400},
	Date-Modified = {2010-05-13 14:12:36 -0400},
	Month = {July},
	Title = {{I/O} Characterization on a Parallel File System},
	Year = {2010}}

@inproceedings{NarayanLS10,
	Author = {Sumit Narayan and Rohit Mehta and John A. Chandy},
	Booktitle = {Proceedings of Annual Linux Symposium},
	Date-Added = {2010-05-13 14:10:22 -0400},
	Date-Modified = {2010-05-13 14:11:21 -0400},
	Month = {July},
	Title = {User space storage system stack modules with file level control},
	Year = {2010}}

@article{NarayanJSS10,
	Author = {Sumit Narayan and John A. Chandy},
	Date-Added = {2009-11-30 15:04:48 -0500},
	Date-Modified = {2010-12-13 17:58:51 -0500},
	Journal = {Journal of Systems and Software},
	Month = apr,
	Number = 4,
	Pages = {548--556},
	Title = {{ATTEST: ATTributes-based Extendable STorage}},
	Volume = 83,
	Year = 2010}

@inproceedings{NarayanPDSW09,
	Author = {Sumit Narayan and John A. Chandy and Samuel Lang and Philip Carns and Robert Ross},
	Booktitle = {Proceedings of Petascale Data Storage Workshop},
	Date-Added = {2009-11-23 17:05:51 -0500},
	Date-Modified = {2011-12-10 05:36:26 +0530},
	Doi = {10.1145/1713072.1713083},
	Month = nov,
	Pages = {37--41},
	Title = {Uncovering Errors: The Cost of Detecting Silent Data Corruption},
	Year = {2009},
	Bdsk-Url-1 = {http://dx.doi.org/10.1145/1713072.1713083}}

@article{AbdElMalek06,
	Author = {Michael Abd-El-Malek and Courtright II, William V. and Chuck Cranor and Gregory R. Ganger and James Hendricks and Andrew J. Klosterman and Michael Mesnier and Manish Prasad and Brandon Salmon and Raja R. Sambasivan and Shafeeq Sinnamohideen and John D. Strunk and Eno Thereska and Matthew Wachs and Jay J. Wylie},
	Date-Added = {2009-04-15 10:19:53 -0400},
	Date-Modified = {2009-04-15 10:22:42 -0400},
	Journal = {Bulletin of the IEEE Computer Society Technical Committee on Data Engineering},
	Month = {sep},
	Title = {Early Experience on the Journey Towards Self-* Storage},
	Year = {2006}}

@inproceedings{WeilSC04,
	Annote = {UCSC},
	Author = {Sage A. Weil and Kristal T. Pollack and Scott A. Brandt and Ethan L. Miller},
	Booktitle = {Proceedings of Supercomputing},
	Date-Added = {2009-04-15 10:17:33 -0400},
	Date-Modified = {2009-04-15 10:17:33 -0400},
	Month = nov,
	Pages = {4},
	Title = {Dynamic Metadata Management for Petabyte-Scale File Systems},
	Year = {2004}}

@inproceedings{WeilOSDI06,
	Annote = {UCSC},
	Author = {Sage A. Weil and Scott A. Brandt and Ethan L. Miller and Darrell D. E. Long and Carlons Maltzahn},
	Booktitle = osdi,
	Date-Added = {2009-04-15 10:15:36 -0400},
	Date-Modified = {2009-04-15 10:15:36 -0400},
	Month = nov,
	Pages = {307--320},
	Title = {Ceph: A scalable, high-performance distributed file system},
	Year = {2006}}

@inproceedings{AliCLUSTER08,
	Author = {Nawab Ali and Ananth Devulapalli and Dennis Dalessandro and Pete Wyckoff and P. Sadayappan},
	Booktitle = {Proceedings of the IEEE International Conference on Cluster Computing},
	Date-Added = {2009-04-14 23:52:57 -0400},
	Date-Modified = {2009-04-14 23:52:57 -0400},
	Location = {Tsukuba, Japan},
	Pages = {175--184},
	Title = {An {OSD}-based approach to managing directory operations in parallel file systems},
	Year = 2008,
	Bdsk-File-1 = {YnBsaXN0MDDUAQIDBAUIJidUJHRvcFgkb2JqZWN0c1gkdmVyc2lvblkkYXJjaGl2ZXLRBgdUcm9vdIABqAkKFRYXGyIjVSRudWxs0wsMDQ4RFFpOUy5vYmplY3RzV05TLmtleXNWJGNsYXNzog8QgASABqISE4ACgAOAB1lhbGlhc0RhdGFccmVsYXRpdmVQYXRo0hgNGRpXTlMuZGF0YU8RAcgAAAAAAcgAAgAADE1hY2ludG9zaCBIRAAAAAAAAAAAAAAAAAAAAMFW1JJIKwAAAzeUjxBhbGlDTFVTVEVSMDgucGRmAAAAAAAAAAAAAAAAAAAAAAAAAAAAAAAAAAAAAAAAAAAAAAAAAAAAAAAAAAAAAAAAwtT2xfDOu1BERiBDQVJPAAIABAAACSAAAAAAAAAAAAAAAAAAAAADT1NDAAAQAAgAAMFXDNIAAAARAAgAAMXxBvsAAAABABwDN5SPAAgzfgAIMVgACDEyAAgiUgAH2GwAAG8ZAAIAUU1hY2ludG9zaCBIRDpVc2VyczpqY2hhbmR5OkRvY3VtZW50czpSZXNlYXJjaDpPdGhlcnM6c3RvcmFnZTpPU0M6YWxpQ0xVU1RFUjA4LnBkZgAADgAiABAAYQBsAGkAQwBMAFUAUwBUAEUAUgAwADgALgBwAGQAZgAPABoADABNAGEAYwBpAG4AdABvAHMAaAAgAEgARAASAERVc2Vycy9qY2hhbmR5L0RvY3VtZW50cy9SZXNlYXJjaC9PdGhlcnMvc3RvcmFnZS9PU0MvYWxpQ0xVU1RFUjA4LnBkZgATAAEvAAAVAAIADv//AACABdIcHR4fWCRjbGFzc2VzWiRjbGFzc25hbWWjHyAhXU5TTXV0YWJsZURhdGFWTlNEYXRhWE5TT2JqZWN0XxApLi4vLi4vT3RoZXJzL3N0b3JhZ2UvT1NDL2FsaUNMVVNURVIwOC5wZGbSHB0kJaIlIVxOU0RpY3Rpb25hcnkSAAGGoF8QD05TS2V5ZWRBcmNoaXZlcgAIABEAFgAfACgAMgA1ADoAPABFAEsAUgBdAGUAbABvAHEAcwB2AHgAegB8AIYAkwCYAKACbAJuAnMCfAKHAosCmQKgAqkC1QLaAt0C6gLvAAAAAAAAAgEAAAAAAAAAKAAAAAAAAAAAAAAAAAAAAwE=}}

@inproceedings{DevulapalliSC07,
	Author = {Ananth Devulapalli and Dennis Dalessandro and Pete Wyckoff and Nawab Ali and P. Sadayappan},
	Booktitle = {Proceedings of Supercomputing},
	Date-Added = {2009-04-14 19:16:14 -0400},
	Date-Modified = {2009-04-14 19:22:21 -0400},
	Pages = {263--268},
	Title = {Integrating parallel file systems with object-based storage devices},
	Year = 2007,
	Bdsk-File-1 = {YnBsaXN0MDDUAQIDBAUIJidUJHRvcFgkb2JqZWN0c1gkdmVyc2lvblkkYXJjaGl2ZXLRBgdUcm9vdIABqAkKFRYXGyIjVSRudWxs0wsMDQ4RFFpOUy5vYmplY3RzV05TLmtleXNWJGNsYXNzog8QgASABqISE4ACgAOAB1lhbGlhc0RhdGFccmVsYXRpdmVQYXRo0hgNGRpXTlMuZGF0YU8RAdQAAAAAAdQAAgAADE1hY2ludG9zaCBIRAAAAAAAAAAAAAAAAAAAAMFW1JJIKwAAAzeUjxNkZXZ1bGFwYWxsaVNDMDcucGRmAAAAAAAAAAAAAAAAAAAAAAAAAAAAAAAAAAAAAAAAAAAAAAAAAAAAAAAAAAAAl5cmxQgS5FBERiBDQVJPAAIABAAACSAAAAAAAAAAAAAAAAAAAAADT1NDAAAQAAgAAMFXDNIAAAARAAgAAMUISyQAAAABABwDN5SPAAgzfgAIMVgACDEyAAgiUgAH2GwAAG8ZAAIAVE1hY2ludG9zaCBIRDpVc2VyczpqY2hhbmR5OkRvY3VtZW50czpSZXNlYXJjaDpPdGhlcnM6c3RvcmFnZTpPU0M6ZGV2dWxhcGFsbGlTQzA3LnBkZgAOACgAEwBkAGUAdgB1AGwAYQBwAGEAbABsAGkAUwBDADAANwAuAHAAZABmAA8AGgAMAE0AYQBjAGkAbgB0AG8AcwBoACAASABEABIAR1VzZXJzL2pjaGFuZHkvRG9jdW1lbnRzL1Jlc2VhcmNoL090aGVycy9zdG9yYWdlL09TQy9kZXZ1bGFwYWxsaVNDMDcucGRmAAATAAEvAAAVAAIADv//AACABdIcHR4fWCRjbGFzc2VzWiRjbGFzc25hbWWjHyAhXU5TTXV0YWJsZURhdGFWTlNEYXRhWE5TT2JqZWN0XxAsLi4vLi4vT3RoZXJzL3N0b3JhZ2UvT1NDL2RldnVsYXBhbGxpU0MwNy5wZGbSHB0kJaIlIVxOU0RpY3Rpb25hcnkSAAGGoF8QD05TS2V5ZWRBcmNoaXZlcgAIABEAFgAfACgAMgA1ADoAPABFAEsAUgBdAGUAbABvAHEAcwB2AHgAegB8AIYAkwCYAKACeAJ6An8CiAKTApcCpQKsArUC5ALpAuwC+QL+AAAAAAAAAgEAAAAAAAAAKAAAAAAAAAAAAAAAAAAAAxA=}}

@inproceedings{AliPDSW08,
	Author = {Nawab Ali and Ananth Devulapalli and Dennis Dalessandro and Pete Wyckoff and P. Sadayappan},
	Booktitle = {Proceedings of the International Petascale Data Storage Workshop},
	Date-Added = {2009-04-14 19:11:32 -0400},
	Date-Modified = {2009-04-14 23:54:21 -0400},
	Location = {Tsukuba, Japan},
	Title = {Revisiting the Metadata Architecture of Parallel File Systems},
	Year = 2008,
	Bdsk-File-1 = {YnBsaXN0MDDUAQIDBAUIJidUJHRvcFgkb2JqZWN0c1gkdmVyc2lvblkkYXJjaGl2ZXLRBgdUcm9vdIABqAkKFRYXGyIjVSRudWxs0wsMDQ4RFFpOUy5vYmplY3RzV05TLmtleXNWJGNsYXNzog8QgASABqISE4ACgAOAB1lhbGlhc0RhdGFccmVsYXRpdmVQYXRo0hgNGRpXTlMuZGF0YU8RAbQAAAAAAbQAAgAADE1hY2ludG9zaCBIRAAAAAAAAAAAAAAAAAAAAMFW1JJIKwAAAAgzfg1BbGlQRFNXMDgucGRmAAAAAAAAAAAAAAAAAAAAAAAAAAAAAAAAAAAAAAAAAAAAAAAAAAAAAAAAAAAAAAAAAAAAx4DCxgrRm1BERiBDQVJPAAIAAwAACSAAAAAAAAAAAAAAAAAAAAAHc3RvcmFnZQAAEAAIAADBVwzSAAAAEQAIAADGCwnbAAAAAQAYAAgzfgAIMVgACDEyAAgiUgAH2GwAAG8ZAAIASk1hY2ludG9zaCBIRDpVc2VyczpqY2hhbmR5OkRvY3VtZW50czpSZXNlYXJjaDpPdGhlcnM6c3RvcmFnZTpBbGlQRFNXMDgucGRmAA4AHAANAEEAbABpAFAARABTAFcAMAA4AC4AcABkAGYADwAaAAwATQBhAGMAaQBuAHQAbwBzAGgAIABIAEQAEgA9VXNlcnMvamNoYW5keS9Eb2N1bWVudHMvUmVzZWFyY2gvT3RoZXJzL3N0b3JhZ2UvQWxpUERTVzA4LnBkZgAAEwABLwAAFQACAA7//wAAgAXSHB0eH1gkY2xhc3Nlc1okY2xhc3NuYW1lox8gIV1OU011dGFibGVEYXRhVk5TRGF0YVhOU09iamVjdF8QIi4uLy4uL090aGVycy9zdG9yYWdlL0FsaVBEU1cwOC5wZGbSHB0kJaIlIVxOU0RpY3Rpb25hcnkSAAGGoF8QD05TS2V5ZWRBcmNoaXZlcgAIABEAFgAfACgAMgA1ADoAPABFAEsAUgBdAGUAbABvAHEAcwB2AHgAegB8AIYAkwCYAKACWAJaAl8CaAJzAncChQKMApUCugK/AsICzwLUAAAAAAAAAgEAAAAAAAAAKAAAAAAAAAAAAAAAAAAAAuY=}}

@inproceedings{DevulapalliIPDPS07,
	Author = {Ananth Devulapalli and Pete Wyckoff},
	Booktitle = ipdps,
	Comment = {To appear},
	Date-Added = {2009-04-14 19:10:11 -0400},
	Date-Modified = {2009-04-14 19:11:08 -0400},
	Pages = {1--10},
	Title = {File Creation Strategies in a Distributed Metadata File System},
	Year = 2007}

@article{AndersonTOCS96,
	Author = {Thomas E. Anderson and Michael D. Dahlin and Jeanna M. Neefe and David A. Patterson and Drew S. Roselli and Randolph Y. Wang},
	Date-Added = {2009-04-10 19:22:39 -0400},
	Date-Modified = {2009-04-10 19:22:39 -0400},
	Journal = tocs,
	Month = feb,
	Number = 1,
	Pages = {41--79},
	Title = {Serverless Network File Systems},
	Volume = 14,
	Year = 1996}

@inproceedings{Baker91,
	Author = {Mary G. Baker and John H. Hartman and Michael D. Kupfer and Ken W. Shirriff and John K. Ousterhout},
	Booktitle = sosp,
	Date-Added = {2009-04-10 19:22:39 -0400},
	Date-Modified = {2009-04-10 19:22:39 -0400},
	Month = oct,
	Pages = {198--212},
	Title = {Measurements of a Distributed File System},
	Volume = 25,
	Year = 1991}

@inproceedings{Chen90a,
	Author = {Peter M. Chen and Garth A. Gibson and Randy H. Katz and David A. Patterson},
	Booktitle = sigmetrics,
	Date-Added = {2009-04-10 19:22:39 -0400},
	Date-Modified = {2009-04-10 19:22:39 -0400},
	Month = may,
	Pages = {74--85},
	Title = {An Evaluation of Redundant Arrays of Disks Using an {Amdahl} 5890},
	Year = 1990}

@inproceedings{Chen90b,
	Author = {Peter M. Chen and David A. Patterson},
	Booktitle = isca,
	Date-Added = {2009-04-10 19:22:39 -0400},
	Date-Modified = {2009-04-10 19:22:39 -0400},
	Month = jun,
	Pages = {322--331},
	Title = {Maximizing Performance in a Striped Disk Array},
	Year = 1990}

@article{ChenIPPS93,
	Author = {Peter M. Chen and Edward K. Lee and Ann L. Drapeau and Ken Lutz and Ethan L. Miller and Srinivasan Seshan and Ken Shirriff and David A. Patterson and Randy H. Katz},
	Date-Added = {2009-04-10 19:22:39 -0400},
	Date-Modified = {2009-04-10 19:22:39 -0400},
	Journal = {International Parallel Processing Symposium Workshop on I/O in Parallel Computer Systems},
	Title = {Performance and Design Evaluation of the {RAID-II} Storage Server},
	Year = 1993}

@article{ChenTOCS94,
	Author = {Peter M. Chen and David A. Patterson},
	Date-Added = {2009-04-10 19:22:39 -0400},
	Date-Modified = {2009-04-10 19:22:39 -0400},
	Journal = tocs,
	Month = nov,
	Number = 4,
	Pages = {308--339},
	Title = {A New Approach to {I/O} Performance Evaluation - {Self}-Scaling {I/O} Benchmarks, Predicted {I/O} Performance},
	Volume = 12,
	Year = 1994}

@inproceedings{Cher91,
	Author = {Ann L. Chervenak and Randy H. Katz},
	Booktitle = sigmetrics,
	Date-Added = {2009-04-10 19:22:39 -0400},
	Date-Modified = {2009-04-10 19:22:39 -0400},
	Month = may,
	Pages = {188--197},
	Title = {Performance of a Disk Array Prototype},
	Year = 1991}

@inproceedings{CornellFREENIX04,
	Author = {Brian Cornell and Peter A. Dinda and Fabian E. Bustamante},
	Booktitle = {Proceedings of FREENIX},
	Date-Added = {2009-04-10 19:22:39 -0400},
	Date-Modified = {2009-04-10 19:22:39 -0400},
	Location = {Boston, MA},
	Month = jun,
	Pages = {19--28},
	Title = {Wayback: {A} User-level Versioning File System for Linux},
	Year = 2004}

@inproceedings{DahlinOSDI94,
	Author = {Michael Dahlin and Randolph Wang and Thomas E. Anderson and David A. Patterson},
	Booktitle = osdi,
	Date-Added = {2009-04-10 19:22:39 -0400},
	Date-Modified = {2009-04-10 19:22:39 -0400},
	Location = {Monterey, CA},
	Month = nov,
	Pages = {267--280},
	Title = {Cooperative Caching: {Using} Remote Client Memory to Improve File System Performance},
	Year = 1994}

@inproceedings{Doug89,
	Author = {Fred Douglis and John K. Ousterhout},
	Booktitle = compcon,
	Date-Added = {2009-04-10 19:22:39 -0400},
	Date-Modified = {2009-04-10 19:22:39 -0400},
	Pages = {124--129},
	Title = {Log-Structured File Systems},
	Year = {Spring 1989}}

@inproceedings{Gibson89,
	Author = {Garth A. Gibson and Lisa Hellerstein and Richard M. Karp and Randy H. Katz and David A. Patterson},
	Booktitle = asplos,
	Date-Added = {2009-04-10 19:22:39 -0400},
	Date-Modified = {2009-04-10 19:22:39 -0400},
	Month = apr,
	Pages = {123--132},
	Title = {Failure Correction Techniques for Large Disk Arrays},
	Year = 1989}

@article{Gibson93,
	Author = {Garth A. Gibson and David A. Patterson},
	Date-Added = {2009-04-10 19:22:39 -0400},
	Date-Modified = {2009-04-10 19:22:39 -0400},
	Journal = jpdc,
	Month = jan,
	Number = 1,
	Pages = {4--27},
	Title = {Designing Disk Arrays for High Data Reliability},
	Volume = 17,
	Year = 1993}

@inproceedings{Hart92,
	Author = {John H. Hartman and John K. Ousterhout},
	Booktitle = {Proceedings of the USENIX 1992 Workshop on File Systems},
	Date-Added = {2009-04-10 19:22:39 -0400},
	Date-Modified = {2009-04-10 19:22:39 -0400},
	Month = may,
	Title = {{Zebra: A} Striped Network File System},
	Year = 1992}

@article{HartTOCS95,
	Author = {John H. Hartman and John K. Ousterhout},
	Date-Added = {2009-04-10 19:22:39 -0400},
	Date-Modified = {2009-04-10 19:22:39 -0400},
	Journal = tocs,
	Month = aug,
	Number = 3,
	Pages = {274--310},
	Title = {The {Zebra} Striped Network File System},
	Volume = 13,
	Year = 1995}

@article{HsuIBMJ03,
	Author = {W. W. Hsu and A. J. Smith},
	Date-Added = {2009-04-10 19:22:39 -0400},
	Date-Modified = {2009-04-10 19:22:39 -0400},
	Journal = ibmj,
	Number = 2,
	Pages = {347--372},
	Title = {Characteristics of {I/O} Traffic in Personal Computer and Server Workloads},
	Volume = 42,
	Year = 2003}

@phdthesis{HsuPHD03,
	Author = {Windsor W. Hsu},
	Date-Added = {2009-04-10 19:22:39 -0400},
	Date-Modified = {2009-04-10 19:22:39 -0400},
	Note = {Tech. Report no. UCB/CSD-03-1223},
	School = {Computer Science Division, University of California, Berkeley},
	Title = {Dynamic Locality Improvement Techniques for Increasing Effective Storage Performance},
	Year = 2003}

@article{Katz89,
	Author = {Randy H. Katz and Garth A. Gibson and David A. Patterson},
	Date-Added = {2009-04-10 19:22:39 -0400},
	Date-Modified = {2009-04-10 19:22:39 -0400},
	Journal = {Proceedings of the IEEE},
	Month = dec,
	Number = 12,
	Pages = {1842--1858},
	Title = {Disk System Architectures for High Performance Computing},
	Volume = 77,
	Year = 1989}

@inproceedings{Katz93,
	Author = {Randy H. Katz and P. M. Chen and A. L. Drapeau and E. K. Lee and K. Lutz and E. L. Miller and S. Seshan and D. A. Patterson},
	Booktitle = {Symposium on Integrated Systems},
	Date-Added = {2009-04-10 19:22:39 -0400},
	Date-Modified = {2009-04-10 19:22:39 -0400},
	Title = {{RAID-II: Design} and Implementation of a Large Scale Disk Array Controller},
	Year = 1993}

@article{KeetonSIGMODREC98,
	Author = {Kimberly Keeton and David A. Patterson and Joseph M. Hellerstein},
	Date-Added = {2009-04-10 19:22:39 -0400},
	Date-Modified = {2009-04-10 19:22:39 -0400},
	Journal = {SIGMOD Record},
	Month = sep,
	Number = 3,
	Pages = {42--52},
	Title = {A Case for Intelligent Disks {(IDISKs)}},
	Volume = 27,
	Year = 1998}

@techreport{KeetonTR98,
	Author = {K. Keeton and D. A. Patterson and J. M. Hellerstein},
	Date-Added = {2009-04-10 19:22:39 -0400},
	Date-Modified = {2009-04-10 19:22:39 -0400},
	Institution = {University of California at Berkeley},
	Month = may,
	Note = {White Paper},
	Title = {The Intelligent Disk {(IDISK): A} Revolutionary Approach to Database Computing Infrastructure},
	Year = 1998}

@inproceedings{Lee91,
	Author = {Edward K. Lee and Randy H. Katz},
	Booktitle = asplos,
	Date-Added = {2009-04-10 19:22:39 -0400},
	Date-Modified = {2009-04-10 19:22:39 -0400},
	Month = apr,
	Pages = {190--199},
	Title = {Performance Consequences of Parity Placement in Disk Arrays},
	Year = 1991}

@techreport{LeeTR92,
	Author = {Edward K. Lee and Peter M. Chen and John H. Hartman and Ann L. Chervenak Drapeau and Ethan L. Miller and Randy H. Katz and Garth A. Gibson and David A. Patterson},
	Date-Added = {2009-04-10 19:22:39 -0400},
	Date-Modified = {2009-04-10 19:22:39 -0400},
	Institution = {University of California at Berkeley},
	Month = feb,
	Number = {UCB/CSD 92/672},
	Title = {{RAID-II: A} Scalable Storage Architecture for High-Bandwidth Network File Service},
	Year = 1992}

@techreport{LeeTR90,
	Author = {Edward K. Lee},
	Date-Added = {2009-04-10 19:22:39 -0400},
	Date-Modified = {2009-04-10 19:22:39 -0400},
	Institution = {University of California at Berkeley},
	Month = may,
	Number = {UCB/CSD 90/573},
	Title = {Software and Performance Issues in the Implementation of a {RAID} Prototype},
	Year = 1990}

@inproceedings{Lee93,
	Author = {Edward K. Lee and Randy H. Katz},
	Booktitle = sigmetrics,
	Date-Added = {2009-04-10 19:22:39 -0400},
	Date-Modified = {2009-04-10 19:22:39 -0400},
	Title = {An Analytic Performance Model of Disk Arrays},
	Year = 1993}

@article{McKusickTOCS84,
	Author = {Marshall K. McKusick and William N. Joy and Samuel J. Leffler and Robert S. Fabry},
	Date-Added = {2009-04-10 19:22:39 -0400},
	Date-Modified = {2011-12-16 10:10:30 -0500},
	Journal = tocs,
	Month = aug,
	Number = 3,
	Pages = {181--197},
	Title = {A Fast File System for {UNIX}},
	Volume = 2,
	Year = 1984}

@inproceedings{MillerMSS93,
	Author = {Ethan L. Miller and Randy H. Katz},
	Booktitle = mss,
	Date-Added = {2009-04-10 19:22:39 -0400},
	Date-Modified = {2009-04-10 19:22:39 -0400},
	Title = {{RAMA}: A Filesystem for Massively Parallel Computers},
	Year = 1993}

@inproceedings{Miller93,
	Author = {Ethan L. Miller and Randy H. Katz},
	Booktitle = {USENIX---Winter 1993},
	Date-Added = {2009-04-10 19:22:39 -0400},
	Date-Modified = {2009-04-10 19:22:39 -0400},
	Month = jan,
	Title = {{An Analysis of File Migration in a Unix Supercomputing Environment}},
	Year = 1993}

@inproceedings{MillerSC91,
	Author = {Ethan L. Miller and Randy H. Katz},
	Booktitle = {Proceedings of Supercomputing '91},
	Date-Added = {2009-04-10 19:22:39 -0400},
	Date-Modified = {2009-04-10 19:22:39 -0400},
	Month = nov,
	Pages = {567-576},
	Title = {Input/Output Behavior of Supercomputing Applications},
	Year = 1991}

@techreport{MillerTR91A,
	Author = {Ethan L. Miller},
	Comment = {Appeared in Supercomputing '91},
	Date-Added = {2009-04-10 19:22:39 -0400},
	Date-Modified = {2009-04-10 19:22:39 -0400},
	Institution = {University of California, Berkeley},
	Month = jan,
	Number = {UCB/CSD 91/616},
	Title = {Input/Output Behavior of Supercomputing Applications},
	Year = 1991}

@techreport{MillerTR91B,
	Author = {Ethan L. Miller},
	Date-Added = {2009-04-10 19:22:39 -0400},
	Date-Modified = {2009-04-10 19:22:39 -0400},
	Institution = {University of California, Berkeley},
	Month = jun,
	Number = {UCB/CSD 91/638},
	Title = {File Migration on the {Cray Y-MP} at the {National Center for Atmospheric Research}},
	Year = 1991}

@inproceedings{Patt88,
	Author = {David A. Patterson and Garth A. Gibson and Randy H. Katz},
	Booktitle = sigmod,
	Date-Added = {2009-04-10 19:22:39 -0400},
	Date-Modified = {2009-04-10 19:22:39 -0400},
	Month = jun,
	Pages = {109--116},
	Title = {A Case for Redundant Arrays of Inexpensive Disks ({RAID})},
	Year = 1988}

@inproceedings{OceanStore,
	Author = {John Kubiatowicz and David Bindel and Yan Chen and Patrick Eaton and Dennis Geels and Ramakrishna Gummadi and Sean Rhea and Hakim Weatherspoon and Westly Weimer and Christopher Wells and Ben Zhao},
	Booktitle = asplos,
	Date-Added = {2009-04-10 19:22:39 -0400},
	Date-Modified = {2009-04-10 19:22:39 -0400},
	Location = {Cambridge, MA},
	Month = nov,
	Pages = {190--201},
	Title = {{OceanStore}: An Architecture for Global-scale Persistent Storage},
	Year = 2000}

@inproceedings{Oust85,
	Author = {John K. Ousterhout and H. Da Costa and D. Harrison and J. A. Kunze and Michael D. Kupfer and J. G. Thompson},
	Booktitle = sosp,
	Date-Added = {2009-04-10 19:22:39 -0400},
	Date-Modified = {2009-04-10 19:22:39 -0400},
	Month = dec,
	Pages = {15--24},
	Title = {A Trace-Driven Analysis of the {UNIX 4.2 BSD} File System},
	Year = 1985}

@article{Oust88,
	Author = {J. Ousterhout and A. Cherenson and F. Douglis and M. Nelson and B. Welch},
	Date-Added = {2009-04-10 19:22:39 -0400},
	Date-Modified = {2009-04-10 19:22:39 -0400},
	Journal = computer,
	Month = feb,
	Pages = {23--36},
	Title = {The {Sprite} Network Operating System},
	Year = 1988}

@article{OusterhoutOSR89,
	Author = {John Ousterhout and Fred Douglis},
	Date-Added = {2009-04-10 19:22:39 -0400},
	Date-Modified = {2009-04-10 19:22:39 -0400},
	Journal = osr,
	Month = jan,
	Number = 1,
	Pages = {11--28},
	Title = {Beating the {I/O} bottleneck: A case for log-structured file systems},
	Volume = 23,
	Year = 1989}

@inproceedings{Oust90,
	Author = {John K. Ousterhout},
	Booktitle = {Proceedings of the USENIX 1990 Summer Conference},
	Date-Added = {2009-04-10 19:22:39 -0400},
	Date-Modified = {2009-04-10 19:22:39 -0400},
	Month = jun,
	Pages = {247--256},
	Title = {Why aren't operating systems getting faster as fast as hardware?},
	Year = 1990}

@inproceedings{Patt89,
	Author = {David A. Patterson and Peter Chen and Garth Gibson and Randy H. Katz},
	Booktitle = compcon,
	Date-Added = {2009-04-10 19:22:39 -0400},
	Date-Modified = {2009-04-10 19:22:39 -0400},
	Pages = {112--117},
	Title = {Introduction to Redundant Arrays of Inexpensive Disks ({RAID})},
	Year = {Spring 1989}}

@article{RAMA,
	Author = {Ethan L. Miller and Randy H. Katz},
	Date-Added = {2009-04-10 19:22:39 -0400},
	Date-Modified = {2009-04-10 19:22:39 -0400},
	Journal = {Parallel Computing},
	Number = {4--5},
	Pages = {419--446},
	Title = {{RAMA}: An Easy-to-Use, High-Performance Parallel File System},
	Volume = 23,
	Year = 1997}

@inproceedings{RheaFAST03,
	Author = {Sean Rhea and Patrick Eaton and Dennis Geels and Hakim Weatherspoon and Ben Zhao and John Kubiatowicz},
	Booktitle = fast,
	Date-Added = {2009-04-10 19:22:39 -0400},
	Date-Modified = {2009-04-10 19:22:39 -0400},
	Location = {San Francisco, CA},
	Month = mar,
	Pages = {1--14},
	Title = {{Pond:} the {OceanStore} Prototype},
	Year = 2003}

@inproceedings{RoselliUsenix00,
	Author = {Drew Roselli and Jacob Lorch and Thomas E. Anderson},
	Booktitle = usenix,
	Date-Added = {2009-04-10 19:22:39 -0400},
	Date-Modified = {2009-04-10 19:22:39 -0400},
	Location = {San Diego, CA},
	Month = jun,
	Pages = {41--54},
	Title = {A comparison of file system workloads},
	Year = 2000}

@inproceedings{Rosen90,
	Author = {Mendel Rosenblum and John K. Ousterhout},
	Booktitle = {Proceedings of the Summer 1990 USENIX Conference},
	Date-Added = {2009-04-10 19:22:39 -0400},
	Date-Modified = {2009-04-10 19:22:39 -0400},
	Month = jun,
	Pages = {315--324},
	Title = {The {LFS} Storage Manager},
	Year = 1990}

@article{Rosen92,
	Author = {Mendel Rosenblum and John K. Ousterhout},
	Date-Added = {2009-04-10 19:22:39 -0400},
	Date-Modified = {2009-04-10 19:22:39 -0400},
	Journal = tocs,
	Month = feb,
	Number = 1,
	Pages = {26--52},
	Title = {The Design and Implementation of a Log-Structured File System},
	Volume = 10,
	Year = 1992}

@inproceedings{Schu89,
	Author = {Martin Schulze and Garth Gibson and Randy Katz and David Patterson},
	Booktitle = compcon,
	Date-Added = {2009-04-10 19:22:39 -0400},
	Date-Modified = {2009-04-10 19:22:39 -0400},
	Pages = {118--123},
	Title = {How Reliable is a {RAID}?},
	Year = {Spring 1989}}

@inproceedings{Seltz90,
	Author = {Margo I. Seltzer and Peter M. Chen and John K. Ousterhout},
	Booktitle = {Proceedings of the Winter 1990 USENIX Technical Conference},
	Date-Added = {2009-04-10 19:22:39 -0400},
	Date-Modified = {2009-04-10 19:22:39 -0400},
	Month = jan,
	Pages = {313--324},
	Title = {Disk Scheduling Revisited},
	Year = 1990}

@inproceedings{Seltz90b,
	Author = {Margo I. Seltzer and Michael R. Stonebraker},
	Booktitle = vldb,
	Date-Added = {2009-04-10 19:22:39 -0400},
	Date-Modified = {2009-04-10 19:22:39 -0400},
	Pages = {174--185},
	Title = {Transaction Support in Read Optimized and Write Optimized File Systems},
	Year = 1990}

@inproceedings{TierneyHPDC99,
	Author = {Brian L. Tierney and Jason Lee and Brian Crowley and Mason Holding and Jeremy Hylton and Fred L. Drake, Jr.},
	Booktitle = hpdc,
	Date-Added = {2009-04-10 19:22:39 -0400},
	Date-Modified = {2009-04-10 19:22:39 -0400},
	Location = {Redondo Beach, CA},
	Month = aug,
	Pages = {185--193},
	Title = {A Network-Aware Distributed Storage Cache for Data Intensive Environments},
	Year = 1999}

@inproceedings{Wang99,
	Author = {Randolph Y. Wang and Thomas E. Anderson and David A. Patterson},
	Booktitle = {Proceedings of Symposium on Operating Systems Design and Implementation},
	Date-Added = {2009-04-10 19:22:39 -0400},
	Date-Modified = {2009-04-10 19:22:39 -0400},
	Month = feb,
	Pages = {29--43},
	Title = {Virtual Log Based File Systems for a Programmable Disk},
	Year = 1999}

@inproceedings{xFS_SOSP,
	Author = {Thomas E. Anderson and Michael D. Dahlin and Jeanna M. Neefe and David A. Patterson and Drew S. Roselli and Randolph Y. Wang},
	Booktitle = sosp,
	Date-Added = {2009-04-10 19:22:39 -0400},
	Date-Modified = {2009-04-10 19:22:39 -0400},
	Location = {Copper Mountain Resort, CO},
	Month = dec,
	Pages = {109--126},
	Title = {Serverless Network File Systems},
	Year = 1995}

@inproceedings{AmiriUSENIX00,
	Author = {Khalil Amiri and David Petrou and Gregory R. Ganger and Garth A. Gibson},
	Booktitle = usenix,
	Date-Added = {2009-04-10 19:22:39 -0400},
	Date-Modified = {2009-04-10 19:22:39 -0400},
	Location = {San Diego, CA},
	Month = jun,
	Title = {Dynamic function placement for data-intensive cluster computing},
	Year = 2000}

@inproceedings{AmiriICDCS00,
	Author = {Khalil Amiri and Garth A. Gibson and Richard Golding},
	Booktitle = icdcs,
	Date-Added = {2009-04-10 19:22:39 -0400},
	Date-Modified = {2009-04-10 19:22:39 -0400},
	Location = {Taipei},
	Month = apr,
	Title = {Highly concurrent shared storage},
	Year = 2000}

@article{Andrew,
	Author = {James H. Morris and Mahadev Satyanarayanan and Michael H. Conner and John H. Howard and David S. Rosenthal and F. Donelson Smith},
	Date-Added = {2009-04-10 19:22:39 -0400},
	Date-Modified = {2009-04-10 19:22:39 -0400},
	Journal = cacm,
	Month = mar,
	Number = 3,
	Pages = {184--201},
	Title = {Andrew: A distributed personal computing environment},
	Volume = 29,
	Year = 1986}

@techreport{CMU-CS-96-142,
	Address = {Pittsburgh, PA},
	Author = {Garth A. Gibson and David F. Nagle and Khalil Amiri and Fay W. Chang and Eugene Feinberg and Howard Gobioff and Chen Lee and Berend Ozceri and Erik Riedel and David Rochberg},
	Date-Added = {2009-04-10 19:22:39 -0400},
	Date-Modified = {2009-04-10 19:22:39 -0400},
	Institution = {Carnegie Mellon University, School of Computer Science},
	Month = sep,
	Number = {CMU-CS-96-142},
	Title = {{A Case for Network-Attached Secure Disks}},
	Year = 1996}

@article{Coda,
	Author = {Mahadev Satyanarayanan and James J. Kistler and Puneet Kumar and Maria E. Okasaki and David C. Steere},
	Date-Added = {2009-04-10 19:22:39 -0400},
	Date-Modified = {2009-04-10 19:22:39 -0400},
	Journal = tcomp,
	Month = apr,
	Number = 4,
	Pages = {447--459},
	Title = {Coda: A Highly Available File System for a Distributed Workstation Environment},
	Volume = 39,
	Year = 1990}

@inproceedings{Gibson92,
	Author = {Garth A. Gibson and R. Hugo Patterson and M. Satyanarayanan},
	Booktitle = {Proceedings of the Third Workshop on Workstation Operating Systems},
	Date-Added = {2009-04-10 19:22:39 -0400},
	Date-Modified = {2009-04-10 19:22:39 -0400},
	Location = {Key Biscayne, FL},
	Month = apr,
	Title = {Disk Reads with {DRAM} Latency},
	Year = 1992}

@inproceedings{GibsonSigmetrics97,
	Author = {Garth A. Gibson and David F. Nagle and Khalil Amiri and Fay W. Chang and Howard Gobioff and Chen Lee and Berend Ozceri and Erik Riedel and David Rochberg and Jim Zelenka},
	Booktitle = sigmetrics,
	Date-Added = {2009-04-10 19:22:39 -0400},
	Date-Modified = {2009-04-10 19:22:39 -0400},
	Location = {Seattle, WA},
	Month = jun,
	Title = {File Server Scaling with Network-Attached Secure Disks},
	Year = 1997}

@inproceedings{GibsonASPLOS98,
	Author = {Garth A. Gibson and David F. Nagle and Khalil Amiri and Jeff Butler and Fay W. Chang and Howard Gobioff and Charles Harding and Erik Riedel and David Rochberg and Jim Zelenka},
	Booktitle = asplos,
	Date-Added = {2009-04-10 19:22:39 -0400},
	Date-Modified = {2009-04-10 19:22:39 -0400},
	Month = oct,
	Title = {A Cost-Effective, High-Bandwidth Storage Architecture},
	Year = 1998}

@inproceedings{GriffinOSDI00,
	Author = {John Linwood Griffin and Steven W. Schlosser and Gregory R. Ganger and David F. Nagle},
	Booktitle = osdi,
	Date-Added = {2009-04-10 19:22:39 -0400},
	Date-Modified = {2009-04-10 19:22:39 -0400},
	Title = {Operating System Management of MEMS-based Storage Devices},
	Year = 2000}

@inproceedings{Holl92,
	Author = {Mark Holland and Garth A. Gibson},
	Booktitle = asplos,
	Date-Added = {2009-04-10 19:22:39 -0400},
	Date-Modified = {2009-04-10 19:22:39 -0400},
	Month = oct,
	Pages = {23--35},
	Title = {Parity Declustering for Continuous Operation in Redundant Disk Arrays},
	Year = 1992}

@inproceedings{HollFTCS93,
	Author = {Mark Holland and Garth A. Gibson and Daniel P. Siewiorek},
	Booktitle = ftcs,
	Date-Added = {2009-04-10 19:22:39 -0400},
	Date-Modified = {2009-04-10 19:22:39 -0400},
	Title = {Fast, On-Line Failure Recovery in Redundant Disk Arrays},
	Year = 1993}

@article{HollDADP94,
	Author = {Mark Holland and Garth A. Gibson and Daniel P. Siewiorek},
	Date-Added = {2009-04-10 19:22:39 -0400},
	Date-Modified = {2009-04-10 19:22:39 -0400},
	Journal = {Journal of Distributed and Parallel Databases},
	Title = {Architectures and Algorithms for On-Line Failure Recovery in Redundant Disk Arrays},
	Year = 1994}

@article{HowardTOCS88,
	Author = {J. Howard and M. Kazar and S. Menees and S. Nichols and M. Satyanarayanan and R. Sidebotham and M. West},
	Date-Added = {2009-04-10 19:22:39 -0400},
	Date-Modified = {2009-04-10 19:22:39 -0400},
	Journal = tocs,
	Month = feb,
	Number = 1,
	Pages = {51--81},
	Title = {Scale and Performance in a Distributed System},
	Volume = 6,
	Year = 1988}

@article{NASD_cacm,
	Author = {Garth A. Gibson and Van Meter, Rodney},
	Date-Added = {2009-04-10 19:22:39 -0400},
	Date-Modified = {2009-04-10 19:22:39 -0400},
	Journal = {Communications of the ACM},
	Month = nov,
	Number = 11,
	Pages = {37--45},
	Title = {Network Attached Storage Architecture},
	Volume = 43,
	Year = 2000}

@article{MesnierIEEECOMM03,
	Author = {Mike Mesnier and Gregory R. Ganger and Erik Riedel},
	Date-Added = {2009-04-10 19:22:39 -0400},
	Date-Modified = {2009-04-10 19:22:39 -0400},
	Journal = {IEEE Communications Magazine},
	Month = aug,
	Number = 8,
	Title = {Object-Based Storage},
	Volume = 41,
	Year = 2003}

@inproceedings{MesnierFAST08,
	Author = {Michael Mesnier and Matthew Wachs and Raja R. Sambasivan and Julio Lobpez and James Hendricks and Gregory R. Ganger},
	Booktitle = fast,
	Date-Added = {2009-04-10 19:22:39 -0400},
	Date-Modified = {2009-04-10 19:22:39 -0400},
	Location = {San Jose, CA},
	Month = feb,
	Title = {{//TRACE: Parallel} Trace Replay with Approximate Causal Events},
	Year = 2008}

@inproceedings{NagleASPLOS98,
	Author = {David Nagle and Greg Ganger},
	Booktitle = {ASPLOS Wild and Crazy Idea Session},
	Date-Added = {2009-04-10 19:22:39 -0400},
	Date-Modified = {2009-04-10 19:22:39 -0400},
	Title = {Active Storage Networks},
	Year = 1998}

@inproceedings{Phanishayee:2008:MAT:1364813.1364825,
 author = {Phanishayee, Amar and Krevat, Elie and Vasudevan, Vijay and Andersen, David G. and Ganger, Gregory R. and Gibson, Garth A. and Seshan, Srinivasan},
 title = {Measurement and Analysis of TCP Throughput Collapse in Cluster-based Storage Systems},
 booktitle = {Proceedings of the 6th USENIX Conference on File and Storage Technologies},
 series = {FAST'08},
 year = {2008},
 location = {San Jose, California},
 pages = {12:1--12:14},
 articleno = {12},
 numpages = {14},
 url = {http://dl.acm.org/citation.cfm?id=1364813.1364825},
 acmid = {1364825},
 publisher = {USENIX Association},
 address = {Berkeley, CA, USA},
} 

@phdthesis{RiedelPHD99,
	Author = {Erik Riedel},
	Date-Added = {2009-04-10 19:22:39 -0400},
	Date-Modified = {2012-03-16 11:03:23 -0400},
	Keywords = {active disks},
	Note = {Tech. Report no. CMU-CS-99-177},
	School = {Electrical and Computer Engineering, Carnegie Mellon University},
	Title = {Active Disks - Remote Execution for Network-Attached Storage},
	Year = 1999}

@inproceedings{RiedelSIGMOD00,
	Author = {Erik Riedel and Christos Faloutsos and Gregory R. Ganger and David F. Nagle},
	Booktitle = sigmod,
	Date-Added = {2009-04-10 19:22:39 -0400},
	Date-Modified = {2009-04-10 19:22:39 -0400},
	Location = {Dallas, TX},
	Month = may,
	Title = {Data Mining on an {OLTP} System (Nearly) for Free},
	Year = 2000}

@inproceedings{RiedelVLDB98,
	Author = {Erik Riedel and Garth A. Gibson and Christos Faloutsos},
	Booktitle = vldb,
	Date-Added = {2009-04-10 19:22:39 -0400},
	Date-Modified = {2012-03-16 11:03:23 -0400},
	Keywords = {active disks},
	Location = {New York, NY},
	Month = aug,
	Title = {Active Storage for Large-Scale Data Mining and Multimedia},
	Year = 1998}

@article{RiedelCOMP01,
	Author = {Erik Riedel and Christos Faloutsos and Garth A. Gibson and David Nagle},
	Date-Added = {2009-04-10 19:22:39 -0400},
	Date-Modified = {2011-05-05 13:30:40 -0400},
	Journal = computer,
	Keywords = {active disks},
	Month = jun,
	Number = {6},
	Pages = {68--74},
	Title = {Active Disks for Large-Scale Data Processing},
	Volume = {34},
	Year = 2001}

@inproceedings{SatyanarayanSOSP81,
	Author = {M. Satyanarayanan},
	Booktitle = {Proceedings of 8$^{th}$ ACM Symposium on {Operating System Principles}},
	Date-Added = {2009-04-10 19:22:39 -0400},
	Date-Modified = {2009-04-10 19:22:39 -0400},
	Pages = {96--108},
	Title = {A Study of File Sizes and functional lifetimes},
	Year = 1981}

@inproceedings{SatyanarayanSOSP85,
	Author = {M. Satyanarayanan and John H. Howard and David A. Nichols and Robert N. Sidebotham and Alfred Z. Spector and Michael J. West},
	Booktitle = {Proceedings of 10$^{th}$ ACM Symposium on {Operating System Principles}},
	Date-Added = {2009-04-10 19:22:39 -0400},
	Date-Modified = {2009-04-10 19:22:39 -0400},
	Pages = {35--50},
	Title = {The {ITC} Distributed File System: {Principles} and Design},
	Year = 1985}

@inproceedings{SchroederNSDI06,
	Address = {Berkeley, CA, USA},
	Author = {Bianca Schroeder and Adam Wierman and Mor Harchol-Balter},
	Booktitle = {NSDI'06: Proceedings of the 3rd conference on Networked Systems Design \& Implementation},
	Date-Added = {2009-04-10 19:22:39 -0400},
	Date-Modified = {2009-04-10 19:22:39 -0400},
	Location = {San Jose, CA},
	Pages = {18--18},
	Publisher = {USENIX Association},
	Title = {Open versus closed: {A} cautionary tale},
	Year = {2006}}

@article{SpasoTOCS96,
	Author = {Mirjana Spasojevic and M. Satyanarayanan},
	Booktitle = tocs,
	Date-Added = {2009-04-10 19:22:39 -0400},
	Date-Modified = {2009-04-10 19:22:39 -0400},
	Month = may,
	Number = 2,
	Pages = {200-222},
	Title = {An Empirical Study of a Wide-Area Distributed File System},
	Volume = 14,
	Year = 1996}

@inproceedings{StodISCA93,
	Author = {Daniel Stodolsky and Garth Gibson and Mark Holland},
	Booktitle = isca,
	Date-Added = {2009-04-10 19:22:39 -0400},
	Date-Modified = {2009-04-10 19:22:39 -0400},
	Location = {San Diego, CA},
	Pages = {64--75},
	Title = {Parity Logging: {Overcoming} the Small Write Problem in Redundant Disk Arrays},
	Year = 1993}

@inproceedings{TanUSENIX05,
	Author = {Yuen-Lin Tan and Terrrence Wong and John D. Strunk and Gregory R. Ganger},
	Booktitle = usenix,
	Date-Added = {2009-04-10 19:22:39 -0400},
	Date-Modified = {2009-04-10 19:22:39 -0400},
	Location = {Anaheim, CA},
	Month = apr,
	Title = {Comparison-based File Server Verification},
	Year = 2005}

@inproceedings{ToliaFAST04,
	Author = {Niraj Tolia and Jan Harkes and Michael Kozuch and M. Satyanaranan},
	Booktitle = fast,
	Date-Added = {2009-04-10 19:22:39 -0400},
	Date-Modified = {2009-04-10 19:22:39 -0400},
	Location = {San Francisco, CA},
	Month = mar,
	Title = {Integrated Portable and Distributed Storage},
	Year = 2004,
	Bdsk-File-1 = {YnBsaXN0MDDUAQIDBAUIJidUJHRvcFgkb2JqZWN0c1gkdmVyc2lvblkkYXJjaGl2ZXLRBgdUcm9vdIABqAkKFRYXGyIjVSRudWxs0wsMDQ4RFFpOUy5vYmplY3RzV05TLmtleXNWJGNsYXNzog8QgASABqISE4ACgAOAB1lhbGlhc0RhdGFccmVsYXRpdmVQYXRo0hgNGRpXTlMuZGF0YU8RAcQAAAAAAcQAAgAADE1hY2ludG9zaCBIRAAAAAAAAAAAAAAAAAAAAMFW1JJIKwAAAAgzxg90b2xpYUZBU1QwNC5wZGYAAAAAAAAAAAAAAAAAAAAAAAAAAAAAAAAAAAAAAAAAAAAAAAAAAAAAAAAAAAAAAAAACDP3wNXj2VBERiAAAAAAAAIABAAACSAAAAAAAAAAAAAAAAAAAAADQ01VAAAQAAgAAMFXDNIAAAARAAgAAMDWHBkAAAABABwACDPGAAgzfgAIMVgACDEyAAgiUgAH2GwAAG8ZAAIAUE1hY2ludG9zaCBIRDpVc2VyczpqY2hhbmR5OkRvY3VtZW50czpSZXNlYXJjaDpPdGhlcnM6c3RvcmFnZTpDTVU6dG9saWFGQVNUMDQucGRmAA4AIAAPAHQAbwBsAGkAYQBGAEEAUwBUADAANAAuAHAAZABmAA8AGgAMAE0AYQBjAGkAbgB0AG8AcwBoACAASABEABIAQ1VzZXJzL2pjaGFuZHkvRG9jdW1lbnRzL1Jlc2VhcmNoL090aGVycy9zdG9yYWdlL0NNVS90b2xpYUZBU1QwNC5wZGYAABMAAS8AABUAAgAO//8AAIAF0hwdHh9YJGNsYXNzZXNaJGNsYXNzbmFtZaMfICFdTlNNdXRhYmxlRGF0YVZOU0RhdGFYTlNPYmplY3RfECguLi8uLi9PdGhlcnMvc3RvcmFnZS9DTVUvdG9saWFGQVNUMDQucGRm0hwdJCWiJSFcTlNEaWN0aW9uYXJ5EgABhqBfEA9OU0tleWVkQXJjaGl2ZXIACAARABYAHwAoADIANQA6ADwARQBLAFIAXQBlAGwAbwBxAHMAdgB4AHoAfACGAJMAmACgAmgCagJvAngCgwKHApUCnAKlAtAC1QLYAuUC6gAAAAAAAAIBAAAAAAAAACgAAAAAAAAAAAAAAAAAAAL8}}

@inproceedings{WelchMSST04,
	Author = {Brent Welch and Garth Gibson},
	Booktitle = msst,
	Date-Added = {2009-04-10 19:22:39 -0400},
	Date-Modified = {2009-04-10 19:22:39 -0400},
	Location = {College Park, MD},
	Month = apr,
	Pages = {433--445},
	Title = {Managing Scalability in Object Storage Systems for {HPC Linux} Clusters},
	Year = 2004}

@article{WylieCOMPUTER00,
	Author = {Jay J. Wylie and Michael W. Bigrigg and John D. Strunk and Gregory R. Ganger and Han Kili\c{c}\c{c}\"{o}te and Pradeep K. Khosla},
	Date-Added = {2009-04-10 19:22:39 -0400},
	Date-Modified = {2009-04-10 19:22:39 -0400},
	Journal = computer,
	Month = aug,
	Title = {Survivable Information Storage Systems},
	Year = 2000}

@article{JohnsonDTJ96,
	Address = {Acton, MA, USA},
	Author = {James E. Johnson and William A. Laing},
	Date-Added = {2009-04-10 19:22:39 -0400},
	Date-Modified = {2009-04-10 19:22:39 -0400},
	Journal = {Digital Tech. J.},
	Number = {2},
	Pages = {5--14},
	Publisher = {Digital Equipment Corp.},
	Title = {Overview of the Spiralog file system},
	Volume = {8},
	Year = {1996}}

@techreport{Lomet90,
	Address = {Cambridge Research Lab, DEC},
	Author = {David B. Lomet},
	Date-Added = {2009-04-10 19:22:39 -0400},
	Date-Modified = {2009-04-10 19:22:39 -0400},
	Institution = {Digital Equipment Corporation, Cambridge Research Lab},
	Month = oct,
	Number = {CRL 90/4},
	Title = {Recovery for Shared Disk Systems Using Multiple Redo Logs},
	Year = 1990}

@techreport{SwartTR93,
	Address = {Acton, MA, USA},
	Author = {Garret Swart and Andrew Birrell and Andy Hisgen and Timothy Mann},
	Date-Added = {2009-04-10 19:22:39 -0400},
	Date-Modified = {2009-04-10 19:22:39 -0400},
	Institution = {Digital Equipment Corporation, Systems Research Center},
	Month = sep,
	Title = {Availability in the Echo File System},
	Type = {Research Report},
	Year = 1993}

@article{Anderson02,
	Author = {Darrell Anderson and Jeff Chase},
	Date-Added = {2009-04-10 19:22:39 -0400},
	Date-Modified = {2009-04-10 19:22:39 -0400},
	Journal = {Cluster Computing},
	Month = oct,
	Number = 4,
	Pages = {411--419},
	Title = {Failure-Atomic File Access in the {Slice} Interposed Network Storage System},
	Volume = 5,
	Year = 2002}

@inproceedings{AndersonHPDC00,
	Author = {Darrell Anderson and Jeff Chase},
	Booktitle = hpdc,
	Date-Added = {2009-04-10 19:22:39 -0400},
	Date-Modified = {2009-04-10 19:22:39 -0400},
	Location = {Edinburgh, Scotland},
	Month = aug,
	Title = {Failure-Atomic File Access in an Interposed Network Storage System},
	Year = 2000}

@inproceedings{AndersonOSDI00,
	Author = {Darrell Anderson and Jeff Chase and Amin M. Vahdat},
	Booktitle = osdi,
	Date-Added = {2009-04-10 19:22:39 -0400},
	Date-Modified = {2009-04-10 19:22:39 -0400},
	Location = {San Diego, CA},
	Month = oct,
	Title = {Interposed Request Routing for Scalable Network Storage},
	Year = 2000}

@inproceedings{ChaseHOTI99,
	Author = {Jeff Chase and Darrell Anderson and Andrew Gallatin and Alvin Lebeck and Ken Yocum},
	Booktitle = {Proceedings of Hot Interconnects Symposium},
	Date-Added = {2009-04-10 19:22:39 -0400},
	Date-Modified = {2009-04-10 19:22:39 -0400},
	Month = aug,
	Title = {Network {I/O} with {Trapeze}},
	Year = 1999}

@inproceedings{WickHPDC02,
	Author = {Rajiv Wickremesinghe and Jeffrey S. Chase and Jeffrey S. Vitter},
	Booktitle = hpdc,
	Date-Added = {2009-04-10 19:22:39 -0400},
	Date-Modified = {2012-03-16 11:03:31 -0400},
	Keywords = {active disks},
	Location = {Edinburgh, Scotland},
	Month = jul,
	Title = {Distributed Computing with Load-Managed Active Storage},
	Year = 2002}

@inproceedings{AFRAID,
	Author = {Stefan Savage and John Wilkes},
	Booktitle = usenix,
	Date-Added = {2009-04-10 19:22:39 -0400},
	Date-Modified = {2009-04-10 19:22:39 -0400},
	Location = {San Diego, CA},
	Month = jan,
	Pages = {27--39},
	Title = {{AFRAID -- A} Frequently Redundant Array of Independent Disks},
	Year = 1996}

@inproceedings{AndersonFAST04,
	Author = {Eric Anderson and Mahesh Kallahalla and Mustafa Uysal and Ram Swaminathan},
	Booktitle = fast,
	Date-Added = {2009-04-10 19:22:39 -0400},
	Date-Modified = {2009-04-10 19:22:39 -0400},
	Location = {San Francisco, CA},
	Month = mar,
	Pages = {45--58},
	Title = {Buttress: {A} toolkit for flexible and high fidelity {I/O} benchmarking},
	Year = 2004}

@inproceedings{BaldwinSISW02,
	Author = {Adrian Baldwin and Simon Shiu},
	Booktitle = sisw,
	Date-Added = {2009-04-10 19:22:39 -0400},
	Date-Modified = {2009-04-10 19:22:39 -0400},
	Location = {Greenbelt, MD},
	Month = sep,
	Pages = {35-44},
	Title = {Encryption and Key Management in a {SAN}},
	Year = 2002}

@techreport{HPL-91-156,
	Author = {C. Ruemmler and J. Wilkes},
	Date-Added = {2009-04-10 19:22:39 -0400},
	Date-Modified = {2009-04-10 19:22:39 -0400},
	Institution = {Hewlett-Packard},
	Month = oct,
	Number = {HPL-91-156},
	Title = {Disk Shuffling},
	Type = {Technical Report},
	Year = 1991}

@techreport{HPL-CSP-91-7,
	Address = {Palo Alto, CA},
	Author = {David M. Jacobson and John Wilkes},
	Date-Added = {2009-04-10 19:22:39 -0400},
	Date-Modified = {2011-12-16 19:00:34 -0500},
	Institution = {Hewlett-Packard},
	Month = mar,
	Number = {HPL-CSP-91-7rev1},
	Title = {Disk scheduling algorithms based on rotational position},
	Type = {Technical Report},
	Year = 1991}

@techreport{HPL-92-9,
	Address = {Palo Alto, CA},
	Author = {Chia Chao and Robert English and David Jacobson and Alexander Stepanov and John Wilkes},
	Date-Added = {2009-04-10 19:22:39 -0400},
	Date-Modified = {2009-04-10 19:22:39 -0400},
	Institution = {Hewlett-Packard},
	Month = mar,
	Number = {HPL-CSP-92-9 rev 1},
	Title = {Mime: A High Performance Parallel Storage Device with Strong Recovery Guarantees},
	Type = {Technical Report},
	Year = 1992}

@techreport{HPL-OSR-93-23,
	Address = {Palo Alto, CA},
	Author = {Chris Ruemmler and John Wilkes},
	Date-Added = {2009-04-10 19:22:39 -0400},
	Date-Modified = {2009-04-10 19:22:39 -0400},
	Institution = {Hewlett-Packard},
	Month = apr,
	Number = {HPL-OSR-93-23},
	Title = {A trace-driven analysis of working set sizes},
	Type = {Technical Report},
	Year = 1993}

@techreport{HPL-OSR-92-152,
	Address = {Palo Alto, CA},
	Author = {Chris Ruemmler and John Wilkes},
	Date-Added = {2009-04-10 19:22:39 -0400},
	Date-Modified = {2009-04-10 19:22:39 -0400},
	Institution = {Hewlett-Packard},
	Number = {HPL-OSR-92-152},
	Title = {{UNIX} Disk Access Patterns},
	Type = {Technical Report},
	Year = 1992}

@techreport{HPL-SSP-95-14,
	Address = {Palo Alto, CA},
	Author = {John Wilkes},
	Date-Added = {2009-04-10 19:22:39 -0400},
	Date-Modified = {2009-04-10 19:22:39 -0400},
	Institution = {Hewlett-Packard Laboratories},
	Month = may,
	Number = {HPL-SSP-95-14 revision 1},
	Title = {The {Pantheon} storage-system simulator},
	Type = {Technical Report},
	Year = 1996}

@inproceedings{LillibridgeUSENIX03,
	Author = {Mark Lillibridge and Sameh Elnikety and Andrew Birrell and Mike Burrows and Michael Isard},
	Booktitle = usenix,
	Date-Added = {2009-04-10 19:22:39 -0400},
	Date-Modified = {2009-04-10 19:22:39 -0400},
	Title = {A Cooperative Internet Backup Scheme},
	Year = 2003}

@inproceedings{MogulHotOS99,
	Author = {J. Mogul},
	Booktitle = {Proceedings of Workshop on Hot Topics in Operating Systems},
	Date-Added = {2009-04-10 19:22:39 -0400},
	Date-Modified = {2009-04-10 19:22:39 -0400},
	Pages = {90--95},
	Title = {Brittle Metrics in Operating Systems Research},
	Year = 1999}

@article{RuemmlerCOMP94,
	Author = {Chris Ruemmler and John Wilkes},
	Date-Added = {2009-04-10 19:22:39 -0400},
	Date-Modified = {2009-04-10 19:22:39 -0400},
	Journal = computer,
	Month = mar,
	Number = 3,
	Pages = {17--29},
	Title = {An introduction to disk drive modeling},
	Volume = 27,
	Year = 1994}

@inproceedings{RuemmlerUSENIX93,
	Author = {Chris Ruemmler and John Wilkes},
	Booktitle = {{USENIX}---Winter 1993},
	Date-Added = {2009-04-10 19:22:39 -0400},
	Date-Modified = {2009-04-10 19:22:39 -0400},
	Month = jan,
	Title = {{UNIX} Disk Access Patterns},
	Year = 1993}

@inproceedings{SaitoOSDI02,
	Author = {Yasushi Saito and Christos Karamanolis and Magnus Karlsson and Mallik Mahalingam},
	Booktitle = osdi,
	Date-Added = {2009-04-10 19:22:39 -0400},
	Date-Modified = {2009-04-10 19:22:39 -0400},
	Location = {Boston, MA},
	Title = {Taming aggressive replication in the {Pangaea} wide-area file system},
	Year = 2002}

@inproceedings{WilkesUSENIXFS92,
	Author = {John Wilkes},
	Booktitle = {Proceedings of USENIX File Systems Workshop},
	Date-Added = {2009-04-10 19:22:39 -0400},
	Date-Modified = {2009-04-10 19:22:39 -0400},
	Month = may,
	Pages = {63--69},
	Title = {{DataMesh} research project, phase 1},
	Year = 1992}

@article{WilkesOSR92,
	Address = {New York, NY, USA},
	Author = {John Wilkes and Chia Chao and Robert English and David Jacobson and Bart Sears and Carl Staelin and Alex Stepanov},
	Date-Added = {2009-04-10 19:22:39 -0400},
	Date-Modified = {2009-04-10 19:22:39 -0400},
	Issn = {0163-5980},
	Journal = osr,
	Number = {2},
	Pages = {11},
	Publisher = {ACM},
	Title = {DataMesh parallel storage servers},
	Volume = {26},
	Year = {1992}}

@article{WilkesTOCS96,
	Author = {John Wilkes and Richard Golding and Carl Staelin and Tim Sullivan},
	Date-Added = {2009-04-10 19:22:39 -0400},
	Date-Modified = {2009-04-10 19:22:39 -0400},
	Journal = tocs,
	Month = feb,
	Number = 1,
	Pages = {108--136},
	Title = {The {HP AutoRAID} hierarchical storage system},
	Volume = 14,
	Year = 1996}

@inproceedings{AzaguryMSST03,
	Author = {Alain Azagury and Vladimir Dreizin and Michael Factor and Ealan Henis and Dalit Naor and Noam Rinetzky and Ohad Rodeh and Julian Satran and Ami Tavory and Lena Yerushalmi},
	Booktitle = msst,
	Date-Added = {2009-04-10 19:22:39 -0400},
	Date-Modified = {2009-04-10 19:22:39 -0400},
	Location = {San Diego, CA},
	Month = apr,
	Title = {Towards an Object Store},
	Year = 2003}

@inproceedings{AzagurySISW02,
	Author = {Alain Azagury and Ran Canetti and Michael Factor and Shai Halevi and Ealan Henis and Dalit Naor and Noam Rinetzky and Ohad Rodeh and Julian Satran},
	Booktitle = sisw,
	Date-Added = {2009-04-10 19:22:39 -0400},
	Date-Modified = {2009-04-10 19:22:39 -0400},
	Location = {Greenbelt, MD},
	Month = sep,
	Pages = {10-23},
	Title = {A Two Layered Approach for Securing an Object Store Network},
	Year = 2002}

@misc{Best00,
	Author = {Steve Best},
	Booktitle = {IBM Whitepaper},
	Date-Added = {2009-04-10 19:22:39 -0400},
	Date-Modified = {2009-04-10 19:22:39 -0400},
	Howpublished = {http://www.ibm.com/developerworks/library/l-jfs.html},
	Month = jan,
	Title = {{JFS} Overview: How the Journaled File System cuts system restart time to the quick},
	Year = 2000}

@article{BozmanIBMJ91,
	Author = {G. P. Bozman and H. H. Ghannad and E. D. Weinberger},
	Date-Added = {2009-04-10 19:22:39 -0400},
	Date-Modified = {2009-04-10 19:22:39 -0400},
	Journal = ibmj,
	Number = {5--6},
	Pages = {815--828},
	Title = {A Trace-Driven Study of {CMS} File References},
	Volume = 35,
	Year = 1991}

@inproceedings{Calypso92,
	Author = {M. Devarakonda and A. Mohindra and J. Simoneaux and W. H. Tetzlaff},
	Booktitle = usenix,
	Date-Added = {2009-04-10 19:22:39 -0400},
	Date-Modified = {2009-04-10 19:22:39 -0400},
	Month = jan,
	Title = {Evaluation of Design Alternatives for a Cluster File System},
	Year = 1995}

@article{GrochowskiIBMSJ03,
	Author = {E. Grochowski and R. D. Halem},
	Date-Added = {2009-04-10 19:22:39 -0400},
	Date-Modified = {2009-04-10 19:22:39 -0400},
	Journal = {IBM Systems Journal},
	Number = 2,
	Title = {Technological impact of magnetic hard disk drives on storage systems},
	Volume = 42,
	Year = 2003}

@misc{JFS,
	Date-Added = {2009-04-10 19:22:39 -0400},
	Date-Modified = {2009-04-10 19:22:39 -0400},
	Howpublished = {http://oss.software.ibm.com/jfs},
	Location = {IBM Corporation},
	Title = {Journaled File System Technology for Linux}}

@techreport{Menon91,
	Address = {IBM Almaden, San Jose, CA},
	Author = {Jai Menon and Richard L. Mattson},
	Date-Added = {2009-04-10 19:22:39 -0400},
	Date-Modified = {2009-04-10 19:22:39 -0400},
	Institution = {IBM},
	Month = oct,
	Number = {RJ 8431 (76439)},
	Title = {Comparison of Sparing Alternatives for Disk Arrays},
	Type = {Research Report},
	Year = 1991}

@inproceedings{Menon92,
	Author = {Jai Menon and Richard L. Mattson},
	Booktitle = isca,
	Date-Added = {2009-04-10 19:22:39 -0400},
	Date-Modified = {2009-04-10 19:22:39 -0400},
	Month = may,
	Pages = {318--331},
	Title = {Comparison of Sparing Alternatives for Disk Arrays},
	Year = 1992}

@article{Menon93,
	Author = {Jai Menon and J. Roche and J. Kasson},
	Date-Added = {2009-04-10 19:22:39 -0400},
	Date-Modified = {2009-04-10 19:22:39 -0400},
	Journal = jpdc,
	Month = jan,
	Number = 1,
	Pages = {129--139},
	Title = {Floating Parity and Data Disk Arrays},
	Volume = 17,
	Year = 1993}

@article{Mulvany74,
	Author = {R. B. Mulvany},
	Date-Added = {2009-04-10 19:22:39 -0400},
	Date-Modified = {2009-04-10 19:22:39 -0400},
	Journal = {IBM Journal of Research and Development},
	Pages = {489--505},
	Title = {Engineering Design of a Disk Storage Facility with Data Modules},
	Year = 1974}

@inproceedings{Ng89,
	Author = {Spencer Ng},
	Booktitle = compcon,
	Date-Added = {2009-04-10 19:22:39 -0400},
	Date-Modified = {2009-04-10 19:22:39 -0400},
	Pages = {137--142},
	Title = {Some Design Issues of Disk Arrays},
	Year = {Spring 1989}}

@techreport{Ng90,
	Address = {IBM Almaden, San Jose, CA},
	Author = {Spencer W. Ng and Richard L. Mattson},
	Date-Added = {2009-04-10 19:22:39 -0400},
	Date-Modified = {2009-04-10 19:22:39 -0400},
	Institution = {IBM},
	Month = aug,
	Number = {RJ 88835},
	Title = {Uniform Parity Group Distribution in Disk Arrays},
	Type = {Research Report},
	Year = 1990}

@article{ReedMICRO00,
	Author = {Benjamin C. Reed and Edward G. Chron and Randal C. Burns and Darrell D. E. Long},
	Date-Added = {2009-04-10 19:22:39 -0400},
	Date-Modified = {2009-04-10 19:22:39 -0400},
	Journal = {IEEE Micro},
	Number = {1},
	Pages = {49-57},
	Title = {Authenticating Network-Attached Storage},
	Volume = {20},
	Year = {2000}}

@inproceedings{ReedSISW02,
	Author = {Benjamin C. Reed and Mark A. Smith and Dejan Diklic},
	Booktitle = sisw,
	Date-Added = {2009-04-10 19:22:39 -0400},
	Date-Modified = {2009-04-10 19:22:39 -0400},
	Location = {Greenbelt, MD},
	Month = sep,
	Pages = {24-34},
	Title = {Security Considerations When Designing a Distributed File System Using Object Storage Devices},
	Year = 2002}

@inproceedings{SchmuckFAST02,
	Author = {Frank Schmuck and Roger Haskin},
	Booktitle = fast,
	Date-Added = {2009-04-10 19:22:39 -0400},
	Date-Modified = {2009-04-10 19:22:39 -0400},
	Location = {Monterey, CA},
	Month = jan,
	Pages = {231--244},
	Title = {{GPFS: A} Shared-Disk File System for Large Computing Clusters},
	Year = 2002}

@inproceedings{UttamchandaniUSENIX05,
	Annote = {University of Illinois},
	Author = {Sandeep Uttamchandani and Li Yin and Guillermo A. Alvarez and John Palmer and Gul Agha},
	Booktitle = usenix,
	Date-Added = {2009-04-10 19:22:39 -0400},
	Date-Modified = {2009-04-10 19:22:40 -0400},
	Location = {Anaheim, CA},
	Month = apr,
	Pages = {75--88},
	Title = {{CHAMELEON: A} self-evolving, fully-adaptive resource arbiter for storage systems},
	Year = 2005}

@article{CampbellCACM93,
	Annote = {University of Illinois},
	Author = {Roy H. Campbel and Nayeem Islam and David Raila and Peter Madany},
	Date-Added = {2009-04-10 19:22:39 -0400},
	Date-Modified = {2009-04-10 19:22:40 -0400},
	Journal = cacm,
	Month = sep,
	Number = 9,
	Pages = {117--126},
	Title = {Designing and Implementing {Choices: An} Object-Oriented System in {C++}},
	Volume = 36,
	Year = 1993}

@misc{Chandy92b,
	Annote = {University of Illinois},
	Author = {John A. Chandy},
	Date-Added = {2009-04-10 19:22:39 -0400},
	Date-Modified = {2009-04-10 19:22:40 -0400},
	Howpublished = {M.S. thesis, University of Illinois at Urbana-Champaign},
	Month = dec,
	Note = {Tech. Report no. CRHC--92--28},
	Title = {{An Evaluation of Disk Array Reliability and Performance}},
	Year = 1992}

@inproceedings{Chandy93,
	Annote = {University of Illinois},
	Author = {John Chandy and A. L. Narasimha Reddy},
	Booktitle = icdcs,
	Date-Added = {2009-04-10 19:22:39 -0400},
	Date-Modified = {2009-04-11 07:50:48 -0400},
	Location = {Pittsburgh, PA},
	Month = may,
	Pages = {319--326},
	Title = {Failure Evaluation of Disk Array Organizations},
	Year = 1993}

@inproceedings{Chandy93b,
	Annote = {University of Illinois},
	Author = {John A. Chandy and Prithviraj Banerjee},
	Booktitle = icpp,
	Date-Added = {2009-04-10 19:22:39 -0400},
	Date-Modified = {2009-04-10 19:22:40 -0400},
	Month = aug,
	Pages = {I: 263--267},
	Title = {Reliability Evaluation of Disk Array Architectures},
	Year = 1993}

@inproceedings{CrandallSC95,
	Annote = {University of Illinois},
	Author = {Phyllis E. Crandall and Ruth A. Aydt and Andrew Chien and Daniel A. Reed},
	Booktitle = {Proceedings of Supercomputing~'95},
	Date-Added = {2009-04-10 19:22:39 -0400},
	Date-Modified = {2009-04-10 19:22:40 -0400},
	Month = dec,
	Title = {Input/Output Characteristics of Scalable Parallel Applications},
	Year = 1995}

@manual{CSRD89,
	Address = {Urbana, Illinois},
	Annote = {University of Illinois},
	Author = csrd,
	Date-Added = {2009-04-10 19:22:39 -0400},
	Date-Modified = {2009-04-10 19:22:40 -0400},
	Month = may,
	Number = 827,
	Title = {The Perfect Club Benchmarks: Effective Performance Evaluation of Supercomputers},
	Year = 1989}

@inproceedings{HuberICS95,
	Annote = {University of Illinois},
	Author = {Huber Jr., James V. and Andrew A. Chien and Christopher L. Elford and David S. Blumenthal and Daniel A. Reed},
	Booktitle = ics,
	Date-Added = {2009-04-10 19:22:39 -0400},
	Date-Modified = {2009-04-10 19:22:40 -0400},
	Pages = {385--394},
	Title = {{PPFS: A} High Performance Portable File System},
	Year = 1995}

@article{Iyer82,
	Annote = {University of Illinois},
	Author = {Ravishankar K. Iyer and Steven E. Butner and Edward J. McCluskey},
	Date-Added = {2009-04-10 19:22:39 -0400},
	Date-Modified = {2009-04-10 19:22:40 -0400},
	Journal = {IEEE Transactions on Computers},
	Month = jul,
	Number = 7,
	Pages = {467--476},
	Title = {A Statistical Failure/Load Relationship: {Results} of a Multicomputer Study},
	Volume = {C-31},
	Year = 1982}

@inproceedings{JensenICS93,
	Annote = {University of Illinois},
	Author = {David W. Jensen and Daniel A. Reed},
	Booktitle = ics,
	Date-Added = {2009-04-10 19:22:39 -0400},
	Date-Modified = {2009-04-10 19:22:40 -0400},
	Location = {Tokyo, Japan},
	Month = jul,
	Title = {File Archive Activity in a Supercomputing Environment},
	Year = 1993}

@inproceedings{MadanyC++88,
	Annote = {University of Illinois},
	Author = {Peter W. Madany and Douglas E. Leyens and Vincent F. Russo and Roy H. Campbell},
	Booktitle = {Proceedings of USENIX C++ Conference},
	Date-Added = {2009-04-10 19:22:39 -0400},
	Date-Modified = {2009-04-10 19:22:40 -0400},
	Month = oct,
	Pages = {65--79},
	Title = {A {C++} Class Hierarchy for Building {UNIX-}Like File Systems},
	Year = 1998}

@inproceedings{MadhyasthaSC97,
	Annote = {University of Illinois},
	Author = {Tara M. Madhyastha and Daniel A. Reed},
	Booktitle = {Proceedings of Supercomputing~'97},
	Date-Added = {2009-04-10 19:22:39 -0400},
	Date-Modified = {2009-04-10 19:22:40 -0400},
	Location = {San Jose, CA},
	Month = nov,
	Title = {Exploiting Global Input/Output Access Pattern Classification},
	Year = 1995}

@inproceedings{PPFS,
	Annote = {University of Illinois},
	Author = {Jay Huber and Chistopher L. Elford and Daniel A. Reed and Andrew A. Chien and David S. Blumenthal},
	Booktitle = ics,
	Date-Added = {2009-04-10 19:22:39 -0400},
	Date-Modified = {2009-04-10 19:22:40 -0400},
	Month = jul,
	Pages = {385--394},
	Title = {{PPFS}: A High Performance Portable Parallel File System},
	Year = 1995}

@article{Reddy89,
	Annote = {University of Illinois},
	Author = {A. L. Narasimha Reddy and Prithviraj Banerjee},
	Date-Added = {2009-04-10 19:22:39 -0400},
	Date-Modified = {2009-04-10 19:22:40 -0400},
	Journal = ieeetc,
	Month = dec,
	Number = 12,
	Pages = {1680--1690},
	Title = {An Evaluation of Multiple-Disk {I/O} Systems},
	Volume = 38,
	Year = 1989}

@article{Reddy90a,
	Annote = {University of Illinois},
	Author = {A. L. Narasimha Reddy and Prithviraj Banerjee},
	Date-Added = {2009-04-10 19:22:39 -0400},
	Date-Modified = {2009-04-10 19:22:40 -0400},
	Journal = tpds,
	Month = apr,
	Number = 2,
	Pages = {140--151},
	Title = {Design, Analysis, and Simulation of {I/O} Architectures for Hypercube Multiprocessors},
	Volume = 1,
	Year = 1990}

@misc{Reddy90b,
	Annote = {University of Illinois},
	Author = {A. L. Narasimha Reddy},
	Date-Added = {2009-04-10 19:22:39 -0400},
	Date-Modified = {2009-04-10 19:22:40 -0400},
	Howpublished = {Ph.D. dissertation, University of Illinois at Urbana-Champaign},
	Month = aug,
	Note = {Tech. Report no. CRHC--90--5, UILU--ENG--90--2235},
	Title = {{Parallel input/output architectures for multiprocessors}},
	Year = 1990}

@inproceedings{Reddy90c,
	Annote = {University of Illinois},
	Author = {A. L. Narasimha Reddy and Prithviraj Banerjee},
	Booktitle = isca,
	Date-Added = {2009-04-10 19:22:39 -0400},
	Date-Modified = {2009-04-10 19:22:40 -0400},
	Month = may,
	Pages = {312--317},
	Title = {A Study of {I/O} Behavior of {PERFECT} Benchmarks on a Multiprocessor},
	Year = 1990}

@inproceedings{Reddy91,
	Annote = {University of Illinois},
	Author = {A. L. Narasimha Reddy and Prithviraj Banerjee},
	Booktitle = ftcs,
	Date-Added = {2009-04-10 19:22:39 -0400},
	Date-Modified = {2009-04-10 19:22:40 -0400},
	Month = jun,
	Pages = {401--408},
	Title = {Gracefully Degradable Disk Arrays},
	Year = 1991}

@inproceedings{Reddy92,
	Annote = {University of Illinois},
	Author = {A. L. Narasimha Reddy},
	Booktitle = isca,
	Date-Added = {2009-04-10 19:22:39 -0400},
	Date-Modified = {2009-04-10 19:22:40 -0400},
	Month = may,
	Pages = {308--317},
	Title = {A study of {I/O} system organizations},
	Year = 1992}

@article{Reddy93,
	Annote = {University of Illinois},
	Author = {A. L. Narasimha Reddy and John Chandy and Prithviraj Banerjee},
	Date-Added = {2009-04-10 19:22:39 -0400},
	Date-Modified = {2009-04-10 19:22:40 -0400},
	Journal = jpdc,
	Month = jan,
	Number = 1,
	Pages = {28--40},
	Title = {Design and Evaluation of Gracefully Degradable Disk Arrays},
	Volume = 17,
	Year = 1993}

@techreport{SIO_WP2,
	Annote = {University of Illinois},
	Author = {Rajive Bagrodia and Andrew Chien and Yarsun Hsu and Daniel Reed},
	Date-Added = {2009-04-10 19:22:39 -0400},
	Date-Modified = {2009-04-10 19:22:40 -0400},
	Institution = {Performance Evaluation Working Group of The Scalable I/O Iniative},
	Month = jan,
	Number = {2},
	Title = {Input/Output: Instrumentation, Characterization, Modeling and Management Policy},
	Type = {{Working Paper}},
	Year = 1994}

@inproceedings{SmirniHPDC96,
	Annote = {University of Illinois},
	Author = {Evgenia Smirni and Ruth A. Aydt and Andrew Chien and Daniel A. Reed},
	Booktitle = hpdc,
	Date-Added = {2009-04-10 19:22:39 -0400},
	Date-Modified = {2009-04-10 19:22:40 -0400},
	Title = {{I/O} Requirements of Scientific Applications: An Evolutionary View},
	Year = 1996}

@article{SmirniPE98,
	Annote = {University of Illinois},
	Author = {Evgenia Smirni and Daniel A. Reed},
	Date-Added = {2009-04-10 19:22:39 -0400},
	Date-Modified = {2009-04-10 19:22:40 -0400},
	Journal = {Performance Evaluation},
	Pages = {27--44},
	Title = {Lessons form Characterizing the Input/Output Behavior of Parallel Scientific Applications},
	Volume = 33,
	Year = 1998}

@techreport{Barak88,
	Address = {EECS Building, University of Michigan, Ann Arbor, MI},
	Annote = {University of Michigan},
	Author = {A. Barak and B. A. Galler and Y. Farber},
	Date-Added = {2009-04-10 19:22:39 -0400},
	Date-Modified = {2009-04-10 19:22:40 -0400},
	Institution = {University of Michigan, Computer Science and Engineering Division},
	Number = {CSE-TR-01-88},
	Title = {A Holographic File System for a Multicomputer with many disk`		 nodes},
	Year = 1988}

@inproceedings{CoxOSDI02,
	Annote = {University of Michigan},
	Author = {Landon P. Cox and Christopher D. Murray and Brian D. Noble},
	Booktitle = osdi,
	Date-Added = {2009-04-10 19:22:39 -0400},
	Date-Modified = {2009-04-10 19:22:40 -0400},
	Location = {Boston, MA},
	Month = dec,
	Title = {{Pastiche: Making} Backup Cheap and Easy},
	Year = 2002}

@misc{DiskSim,
	Annote = {University of Michigan},
	Author = {G.R. Ganger and B. L. Worthington and Y.N. Patt},
	Date-Added = {2009-04-10 19:22:39 -0400},
	Date-Modified = {2009-04-10 19:22:40 -0400},
	Howpublished = {{\tt http://www.pdl.cmu.edu/DiskSim}},
	Title = {DiskSim Simulation Environment Version 3.0},
	Year = 1999}

@inproceedings{NightingaleOSDI04,
	Annote = {University of Michigan},
	Author = {Edmund B. Nightingale and Jason Flinn},
	Booktitle = osdi,
	Date-Added = {2009-04-10 19:22:39 -0400},
	Date-Modified = {2009-04-10 19:22:40 -0400},
	Title = {Energy-Efficiency and Storage Flexibility in the {Blue} File System},
	Year = 2004}

@inproceedings{DouceurSIGMETRICS99,
	Annote = {Microsoft},
	Author = {John R. Douceur and William J. Bolosky},
	Booktitle = sigmetrics,
	Date-Added = {2009-04-10 19:22:39 -0400},
	Date-Modified = {2009-04-10 19:22:40 -0400},
	Title = {A Large-Scale Study of File System Contents},
	Year = 1999}

@inproceedings{DouceurDISC01,
	Annote = {Microsoft},
	Author = {John R. Douceur and Roger P. Wattenhofer},
	Booktitle = {Proceedings of International Symposium on Distributed Computing},
	Date-Added = {2009-04-10 19:22:39 -0400},
	Date-Modified = {2009-04-10 19:22:40 -0400},
	Location = {Lisbon, Portugal},
	Month = oct,
	Title = {Competitive Hill-Climbing Strategies for Replica Placement in a Distributed File System},
	Year = 2001}

@inproceedings{DruschelHOTOS01,
	Annote = {Microsoft},
	Author = {Peter Druschel and Antony Rowstron},
	Booktitle = {Proceedings of Workshop on Hot Topics in Operating Systems},
	Date-Added = {2009-04-10 19:22:39 -0400},
	Date-Modified = {2009-04-10 19:22:40 -0400},
	Location = {Schoss Elmau, Germany},
	Month = may,
	Pages = {75--80},
	Title = {{PAST: A} large-scale, persistent peer-to-peer storage utility},
	Year = 2001}

@inproceedings{Farsite,
	Annote = {Microsoft},
	Author = {W. Bolosky and J. Douceur and D. Ely and M. Theimer},
	Booktitle = sigmetrics,
	Date-Added = {2009-04-10 19:22:39 -0400},
	Date-Modified = {2009-04-10 19:22:40 -0400},
	Location = {Santa Clara, CA},
	Month = jun,
	Pages = {34--43},
	Title = {Feasibility of a serverless distributed file system deployed on an existing set of desktop {PCs}},
	Year = 2000}

@inproceedings{GraySIGMOD97,
	Annote = {Microsoft},
	Author = {Jim Gray and Goetx Graefe},
	Booktitle = sigmod,
	Date-Added = {2009-04-10 19:22:39 -0400},
	Date-Modified = {2009-04-10 19:22:40 -0400},
	Title = {The Five Minute Rule Ten Years Later, and other Computer Storage Rules of Thumb},
	Year = 1997}

@article{RizzoMSDN04,
	Annote = {Microsoft},
	Author = {Thomas Rizzo},
	Date = 17,
	Date-Added = {2009-04-10 19:22:39 -0400},
	Date-Modified = {2009-04-10 19:22:40 -0400},
	Journal = {MSDN},
	Month = mar,
	Title = {{WinFS 101: Introducing} the New {Windows} File System},
	Year = 2004}

@article{GrimaldiMSDN04,
	Annote = {Microsoft},
	Author = {Thomas Rizzo and Sean Grimaldi},
	Date = 18,
	Date-Added = {2009-04-10 19:22:39 -0400},
	Date-Modified = {2009-04-10 19:22:40 -0400},
	Journal = {MSDN},
	Month = oct,
	Title = {An Introduction to {"WinFS" OPath}},
	Year = 2004}

@misc{SortBenchmark,
	Annote = {Microsoft},
	Author = {Jim Gray},
	Date-Added = {2009-04-10 19:22:39 -0400},
	Date-Modified = {2009-04-10 19:22:40 -0400},
	Howpublished = {http://research.\-microsoft.\-com/\-barc/SortBenchmark},
	Title = {Sort Benchmark},
	Year = 2005}

@inproceedings{DabekSOSP01,
	Annote = {MIT},
	Author = {Frank Dabek and M. Frans Kaashoek and David Karger and Robert Morris and Ion Stoica},
	Booktitle = sosp,
	Date-Added = {2009-04-10 19:22:39 -0400},
	Date-Modified = {2009-04-10 19:22:40 -0400},
	Location = {Banff},
	Pages = {202--215},
	Title = {Wide-area cooperative storage with {CFS}},
	Year = 2001}

@misc{FuMS99,
	Annote = {MIT},
	Author = {Kevin E. Fu},
	Date-Added = {2009-04-10 19:22:39 -0400},
	Date-Modified = {2009-04-10 19:22:40 -0400},
	Howpublished = {M.S. thesis, Massachusetts Institute of Technology},
	Month = jun,
	Title = {{Group Sharing and Random Access in Cryptographic Storage File Systems}},
	Year = 1999}

@inproceedings{MazieresSOSP99,
	Annote = {MIT},
	Author = {D. Mazieres and M. Kaminsky and M. Frans Kaashoek and E. Witchel},
	Booktitle = sosp,
	Date-Added = {2009-04-10 19:22:39 -0400},
	Date-Modified = {2009-04-10 19:22:40 -0400},
	Month = dec,
	Pages = {124--139},
	Title = {Separating key management from file system security},
	Year = 1999}

@inproceedings{MuthiOSDI02,
	Annote = {MIT},
	Author = {Athicha Muthitacharoen and Robert Morris and Thomer Gil and Benjie Chen},
	Booktitle = osdi,
	Date-Added = {2009-04-10 19:22:39 -0400},
	Date-Modified = {2009-04-10 19:22:40 -0400},
	Location = {Boston, MA},
	Month = dec,
	Title = {{Ivy: A} Read/Write Peer-to-Peer File System},
	Year = 2002}

@inproceedings{Hitz94,
	Annote = {NetApp},
	Author = {D. Hitz and J. Lau and M. Malcolm},
	Booktitle = {Proceedings of Winter USENIX},
	Date-Added = {2009-04-10 19:22:39 -0400},
	Date-Modified = {2009-04-10 19:22:40 -0400},
	Month = jan,
	Title = {File Systems Design for an {NFS} File Server Appliance},
	Year = 1994}

@techreport{KatcherTR97,
	Annote = {NetApp},
	Author = {J. Katcher},
	Date-Added = {2009-04-10 19:22:39 -0400},
	Date-Modified = {2009-04-10 19:22:40 -0400},
	Institution = {Network Appliance},
	Month = oct,
	Number = {TR-3022},
	Title = {{PostMark: A} New File System Benchmark},
	Year = 1997}

@techreport{KazarTR04,
	Annote = {NetApp},
	Author = {Mike Kazar},
	Date-Added = {2009-04-10 19:22:39 -0400},
	Date-Modified = {2009-04-10 19:22:40 -0400},
	Institution = {Network Appliance},
	Month = feb,
	Number = {TR-3304},
	Title = {{SpinServer} Systems and {Linux} Compute Farms},
	Year = 2004}

@inproceedings{SobtiFAST02,
	Annote = {Princeton},
	Author = {Sumeet Sobti and Nitin Garg and Chi Zhang and Xiang Yu and Arvind Krishnamurthy and Randolph Y. Wang},
	Booktitle = fast,
	Date-Added = {2009-04-10 19:22:39 -0400},
	Date-Modified = {2009-04-10 19:22:40 -0400},
	Location = {Monterey, CA},
	Month = jan,
	Title = {{PersonalRAID: Mobile} Storage for Distributed and Disconnected Computers},
	Year = 2002,
	Bdsk-File-1 = {YnBsaXN0MDDUAQIDBAUIJidUJHRvcFgkb2JqZWN0c1gkdmVyc2lvblkkYXJjaGl2ZXLRBgdUcm9vdIABqAkKFRYXGyIjVSRudWxs0wsMDQ4RFFpOUy5vYmplY3RzV05TLmtleXNWJGNsYXNzog8QgASABqISE4ACgAOAB1lhbGlhc0RhdGFccmVsYXRpdmVQYXRo0hgNGRpXTlMuZGF0YU8RAdYAAAAAAdYAAgAADE1hY2ludG9zaCBIRAAAAAAAAAAAAAAAAAAAAMFW1JJIKwAAAAg03g9zb2J0aUZBU1QwMi5wZGYAAAAAAAAAAAAAAAAAAAAAAAAAAAAAAAAAAAAAAAAAAAAAAAAAAAAAAAAAAAAAAAAACDTfwNLBmVBERiAAAAAAAAIABAAACSAAAAAAAAAAAAAAAAAAAAAJUHJpbmNldG9uAAAQAAgAAMFXDNIAAAARAAgAAMDS+dkAAAABABwACDTeAAgzfgAIMVgACDEyAAgiUgAH2GwAAG8ZAAIAVk1hY2ludG9zaCBIRDpVc2VyczpqY2hhbmR5OkRvY3VtZW50czpSZXNlYXJjaDpPdGhlcnM6c3RvcmFnZTpQcmluY2V0b246c29idGlGQVNUMDIucGRmAA4AIAAPAHMAbwBiAHQAaQBGAEEAUwBUADAAMgAuAHAAZABmAA8AGgAMAE0AYQBjAGkAbgB0AG8AcwBoACAASABEABIASVVzZXJzL2pjaGFuZHkvRG9jdW1lbnRzL1Jlc2VhcmNoL090aGVycy9zdG9yYWdlL1ByaW5jZXRvbi9zb2J0aUZBU1QwMi5wZGYAABMAAS8AABUAAgAO//8AAIAF0hwdHh9YJGNsYXNzZXNaJGNsYXNzbmFtZaMfICFdTlNNdXRhYmxlRGF0YVZOU0RhdGFYTlNPYmplY3RfEC4uLi8uLi9PdGhlcnMvc3RvcmFnZS9QcmluY2V0b24vc29idGlGQVNUMDIucGRm0hwdJCWiJSFcTlNEaWN0aW9uYXJ5EgABhqBfEA9OU0tleWVkQXJjaGl2ZXIACAARABYAHwAoADIANQA6ADwARQBLAFIAXQBlAGwAbwBxAHMAdgB4AHoAfACGAJMAmACgAnoCfAKBAooClQKZAqcCrgK3AugC7QLwAv0DAgAAAAAAAAIBAAAAAAAAACgAAAAAAAAAAAAAAAAAAAMU}}

@inproceedings{SobtiFAST04,
	Annote = {Princeton},
	Author = {Sumeet Sobti and Nitin Garg and Fengzhou Zheng and Junwei Lai and Yilei Shao and Chi Zhang and Elisha Ziskind and Arvind Krishnamurthy and Randolph Y. Wang},
	Booktitle = fast,
	Date-Added = {2009-04-10 19:22:39 -0400},
	Date-Modified = {2009-04-10 19:22:40 -0400},
	Location = {San Francisco, CA},
	Month = mar,
	Title = {{Segank: A} Distributed Mobile Storage System},
	Year = 2004,
	Bdsk-File-1 = {YnBsaXN0MDDUAQIDBAUIJidUJHRvcFgkb2JqZWN0c1gkdmVyc2lvblkkYXJjaGl2ZXLRBgdUcm9vdIABqAkKFRYXGyIjVSRudWxs0wsMDQ4RFFpOUy5vYmplY3RzV05TLmtleXNWJGNsYXNzog8QgASABqISE4ACgAOAB1lhbGlhc0RhdGFccmVsYXRpdmVQYXRo0hgNGRpXTlMuZGF0YU8RAdYAAAAAAdYAAgAADE1hY2ludG9zaCBIRAAAAAAAAAAAAAAAAAAAAMFW1JJIKwAAAAg03g9zb2J0aUZBU1QwNC5wZGYAAAAAAAAAAAAAAAAAAAAAAAAAAAAAAAAAAAAAAAAAAAAAAAAAAAAAAAAAAAAAAAAACDTgwNLBa1BERiAAAAAAAAIABAAACSAAAAAAAAAAAAAAAAAAAAAJUHJpbmNldG9uAAAQAAgAAMFXDNIAAAARAAgAAMDS+asAAAABABwACDTeAAgzfgAIMVgACDEyAAgiUgAH2GwAAG8ZAAIAVk1hY2ludG9zaCBIRDpVc2VyczpqY2hhbmR5OkRvY3VtZW50czpSZXNlYXJjaDpPdGhlcnM6c3RvcmFnZTpQcmluY2V0b246c29idGlGQVNUMDQucGRmAA4AIAAPAHMAbwBiAHQAaQBGAEEAUwBUADAANAAuAHAAZABmAA8AGgAMAE0AYQBjAGkAbgB0AG8AcwBoACAASABEABIASVVzZXJzL2pjaGFuZHkvRG9jdW1lbnRzL1Jlc2VhcmNoL090aGVycy9zdG9yYWdlL1ByaW5jZXRvbi9zb2J0aUZBU1QwNC5wZGYAABMAAS8AABUAAgAO//8AAIAF0hwdHh9YJGNsYXNzZXNaJGNsYXNzbmFtZaMfICFdTlNNdXRhYmxlRGF0YVZOU0RhdGFYTlNPYmplY3RfEC4uLi8uLi9PdGhlcnMvc3RvcmFnZS9QcmluY2V0b24vc29idGlGQVNUMDQucGRm0hwdJCWiJSFcTlNEaWN0aW9uYXJ5EgABhqBfEA9OU0tleWVkQXJjaGl2ZXIACAARABYAHwAoADIANQA6ADwARQBLAFIAXQBlAGwAbwBxAHMAdgB4AHoAfACGAJMAmACgAnoCfAKBAooClQKZAqcCrgK3AugC7QLwAv0DAgAAAAAAAAIBAAAAAAAAACgAAAAAAAAAAAAAAAAAAAMU}}

@techreport{WangWMRC02,
	Annote = {Princeton},
	Author = {Randolph Wang and Nitin Garg and Yilei Shao and Elisha Ziskind and Sumeet Sobti and Fengzhou Zheng and Junwen Lei and Arvind Krishnamurthy},
	Date-Added = {2009-04-10 19:22:39 -0400},
	Date-Modified = {2009-04-10 19:22:40 -0400},
	Institution = {World Market Research Centre},
	Journal = {Business Briefing: Data Management and Storage Technology 2002},
	Month = oct,
	Title = {A Peer-to-Peer Mobile Storage System},
	Year = 2002}

@inproceedings{YuOSDI00,
	Annote = {Princeton},
	Author = {Xiang Yu and Benjamin Gum and Yuqun Chen and Randolph Y. Wang and Kai Li and Arvind Krishnamurthy and Thomas E. Anderson},
	Booktitle = osdi,
	Date-Added = {2009-04-10 19:22:39 -0400},
	Date-Modified = {2009-04-10 19:22:40 -0400},
	Title = {Trading Capacity for Performance in a Disk Array},
	Year = 2000}

@inproceedings{ZhangFAST02,
	Annote = {Princeton},
	Author = {Chi Zhang and Xiang Yu and Arvind Krishnamurthy and Randolph Y. Wang},
	Booktitle = fast,
	Date-Added = {2009-04-10 19:22:39 -0400},
	Date-Modified = {2009-04-10 19:22:40 -0400},
	Location = {Monterey, CA},
	Month = jan,
	Title = {Configuring and Scheduling an Eager-Writing Disk Array for a Transaction Processing Workload},
	Year = 2002}

@inproceedings{ChiuehDSN02,
	Annote = {Stony Brook},
	Author = {Tzi-Cker Chiueh and Lan Huang},
	Booktitle = {Proceedings of International Conference on Dependable Systems and Networks},
	Date-Added = {2009-04-10 19:22:39 -0400},
	Date-Modified = {2009-04-10 19:22:40 -0400},
	Location = {Washington, DC},
	Month = jun,
	Pages = {429--438},
	Title = {Track-Based Disk Logging},
	Year = 2002}

@inproceedings{JoukovCCGRID05,
	Address = {Cardiff, UK},
	Annote = {Stony Brook},
	Author = {N. Joukov and A. Rai and E. Zadok},
	Booktitle = {Proceedings of the 2005 IEEE/ACM Workshop on Cluster Security, in conjunction with the Fifth IEEE/ACM International Symposium on Cluster Computing and the Grid (CCGrid 2005)},
	Date-Added = {2009-04-10 19:22:39 -0400},
	Date-Modified = {2009-04-10 19:22:40 -0400},
	Month = {May},
	Pages = {82--89},
	Title = {Increasing Distributed Storage Survivability with a Stackable {RAID}-like File System},
	Year = {2005}}

@inproceedings{JoukovFAST05,
	Annote = {Stony Brook},
	Author = {Nikolai Joukov and Timothy Wong and Erez Zadok},
	Booktitle = fast,
	Date-Added = {2009-04-10 19:22:39 -0400},
	Date-Modified = {2009-04-10 19:22:40 -0400},
	Location = {San Francisco, CA},
	Month = dec,
	Pages = {337--350},
	Title = {Accurate and Efficient Replaying of File System Traces},
	Year = 2005}

@article{TraegerTOS08,
	Annote = {Stony Brook},
	Author = {Avishay Traeger and Erez Zadok and Nikolai Joukov and Charles P. Wright},
	Date-Added = {2009-04-10 19:22:39 -0400},
	Date-Modified = {2009-04-10 19:22:40 -0400},
	Journal = {ACM Transactions on Storage},
	Month = may,
	Number = 2,
	Title = {A Nine Year Study of File System and Storage Benchmarking},
	Volume = 4,
	Year = 2008}

@misc{TraegerFSBENCH08,
	Annote = {Stony Brook},
	Author = {Avishay Traeger and Erez Zadok and Ethan L. Miller and Darrell D. E. Long},
	Date-Added = {2009-04-10 19:22:39 -0400},
	Date-Modified = {2009-04-10 19:22:40 -0400},
	Howpublished = {{\tt http://fsbench.filesystems.org/papers/fsbench-workshop1.pdf}},
	Title = {Findings from the {First Annual File and Storage Systems Benchmarking Workshop}},
	Year = 2008}

@inproceedings{Trail93,
	Annote = {Stony Brook},
	Author = {Tzi-Cker Chiueh},
	Booktitle = {Proceedings of International Conference on Computer Design},
	Date-Added = {2009-04-10 19:22:39 -0400},
	Date-Modified = {2009-04-10 19:22:40 -0400},
	Location = {Boston, MA},
	Month = oct,
	Pages = {339--343},
	Title = {{Trail: A} Track-based Logging Disk Architecture for Zero-Overhead Writes},
	Year = 1993}

@inproceedings{ZadokMSST04,
	Annote = {Stony Brook},
	Author = {Erez Zadok and Jeffrey Osborn and Ariye Shater and Charles Wright Kiran-Kumar Muniswamy-Reddy and Jason Nieh},
	Booktitle = msst,
	Date-Added = {2009-04-10 19:22:39 -0400},
	Date-Modified = {2009-04-10 19:22:40 -0400},
	Location = {College Park, MD},
	Month = apr,
	Title = {Reducing Storage Management Costs via Informed User-Based Policies},
	Year = 2004}

@techreport{ZadokTR02,
	Annote = {Stony Brook},
	Author = {Erez Zadok and Jeffrey Osborn and Ariye Shater and Charles P. Wright and Kiran-Kumar Muniswamy-Reddy and Jason Nieh},
	Date-Added = {2009-04-10 19:22:39 -0400},
	Date-Modified = {2011-12-19 09:47:19 -0500},
	Institution = {Stony Brook University},
	Month = sep,
	Number = {FSL-02-02},
	Title = {Reducing Storage Management Costs via Informed User-Based Policies},
	Type = {Technical Report},
	Year = 2002}

@inproceedings{ZhuFAST05,
	Annote = {Stony Brook},
	Author = {Ningning Zhu and Jiawu Chen and Tzi-Cker Chiueh},
	Booktitle = fast,
	Date-Added = {2009-04-10 19:22:39 -0400},
	Date-Modified = {2009-04-10 19:22:40 -0400},
	Location = {San Francisco, CA},
	Month = dec,
	Pages = {323--336},
	Title = {{TBBT: Scalable} and Accurate Trace Replay for File Server Evaluation},
	Year = 2005}

@inproceedings{ZadokUSENIX00,
	Annote = {Stony Brook},
	Author = {Erez Zadok and Jason Nieh},
	Booktitle = usenix,
	Date-Added = {2009-04-10 19:22:39 -0400},
	Date-Modified = {2009-04-10 19:22:40 -0400},
	Month = jun,
	Title = {{FiST: A} Language for Stackable File Systems},
	Year = 2000}

@techreport{ZhuTR04,
	Annote = {Stony Brook},
	Author = {Ningning Zhu and Jiawu Chen and Tzi-Cker Chiueh and Daniel Ellard},
	Date-Added = {2009-04-10 19:22:39 -0400},
	Date-Modified = {2009-04-10 19:22:40 -0400},
	Institution = {SUNY at Stony Brook},
	Number = {TR153},
	Title = {An {NFS} Player for File System Evaluation},
	Year = 2004}

@inproceedings{BrightMSS03,
	Annote = {UConn},
	Author = {Jonathan D. Bright and John A. Chandy},
	Booktitle = msst,
	Date-Added = {2009-04-10 19:22:39 -0400},
	Date-Modified = {2009-04-10 19:22:40 -0400},
	Location = {San Diego, CA},
	Month = apr,
	Pages = {196--206},
	Title = {A Scalable Architecture for Clustered Network Attached Storage},
	Year = 2003}

@inproceedings{BrightPDPTA03,
	Annote = {UConn},
	Author = {Jonathan D. Bright and John A. Chandy},
	Booktitle = pdpta,
	Date-Added = {2009-04-10 19:22:39 -0400},
	Date-Modified = {2009-04-10 19:22:40 -0400},
	Location = {Las Vegas, NV},
	Month = jun,
	Pages = {688--694},
	Title = {Data Integrity in a Distributed Storage System},
	Year = 2003}

@inproceedings{ChandyMSST04,
	Annote = {UConn},
	Author = {John A. Chandy},
	Booktitle = msst,
	Date-Added = {2009-04-10 19:22:39 -0400},
	Date-Modified = {2009-04-10 19:22:40 -0400},
	Location = {College Park, MD},
	Month = apr,
	Pages = {185--201},
	Title = {Parity Redundancy Strategies in a Large Scale Distributed Storage System},
	Year = 2004}

@inproceedings{ChandyDSN06,
	Annote = {UConn},
	Author = {John A. Chandy},
	Booktitle = {Proceedings of International Conference on Dependable Systems and Networks},
	Date-Added = {2009-04-10 19:22:39 -0400},
	Date-Modified = {2009-04-10 19:22:40 -0400},
	Location = {Philadelphia, PA},
	Month = jun,
	Pages = {227--236},
	Title = {Storage Allocation in Unreliable Peer-to-Peer Systems},
	Year = 2006}

@inproceedings{ChandyPDPTA06,
	Annote = {UConn},
	Author = {John A. Chandy},
	Booktitle = pdpta,
	Date-Added = {2009-04-10 19:22:39 -0400},
	Date-Modified = {2009-04-10 19:22:40 -0400},
	Location = {Las Vegas, NV},
	Month = jun,
	Pages = {963--969},
	Title = {{RAID0.5: Active} Data Replication for Low Cost Disk Array Data Protection},
	Year = 2006}

@inproceedings{ChandyBARC07,
	Annote = {UConn},
	Author = {John A. Chandy},
	Booktitle = {Proceedings of Boston Area Architecture Workshop},
	Date-Added = {2009-04-10 19:22:39 -0400},
	Date-Modified = {2009-04-10 19:22:40 -0400},
	Location = {Boston, MA},
	Month = jan,
	Pages = {23--24},
	Title = {A Case for Active Storage Networks in High Performance Computing},
	Year = 2007}

@article{ChandyOSR07,
	Annote = {UConn},
	Author = {John A. Chandy and Sumit Narayan},
	Date-Added = {2009-04-10 19:22:39 -0400},
	Date-Modified = {2009-04-10 19:22:40 -0400},
	Journal = osr,
	Month = jan,
	Number = 1,
	Pages = {37--41},
	Title = {Reliability Tradeoffs in Personal Storage Systems},
	Volume = 41,
	Year = 2007}

@inproceedings{ChandyDADC08,
	Annote = {UConn},
	Author = {John A. Chandy},
	Booktitle = {Proceedings of HPDC Workshop on Data-Aware Distributed Computing},
	Date-Added = {2009-04-10 19:22:39 -0400},
	Date-Modified = {2009-04-10 19:22:40 -0400},
	Location = {Boston, MA},
	Month = jun,
	Pages = {49--53},
	Title = {A Generalized Replica Placement Strategy to Optimize Latency in a Wide Area Distributed Storage System},
	Year = 2008}

@article{ChandyJS08,
	Annote = {UConn},
	Author = {John A. Chandy},
	Date-Added = {2009-04-10 19:22:39 -0400},
	Date-Modified = {2010-12-14 14:29:21 -0500},
	Journal = {Journal of Supercomputing},
	Month = nov,
	Number = 2,
	Pages = {108--123},
	Title = {{RAID0.5: Design} and Implementation of a Low Cost Disk Array Data Protection Architecture},
	Volume = 46,
	Year = 2008}

@inproceedings{JohnHIPERIO08,
	Annote = {UConn},
	Author = {Tina Miriam John and Thiruvenkata Ramani, Anuradharthi and John A. Chandy},
	Booktitle = {Proceedings of CLUSTER Workshop on High Performance I/O Systems and Data Intensive Computing},
	Date-Added = {2009-04-10 19:22:39 -0400},
	Date-Modified = {2012-03-16 11:03:23 -0400},
	Keywords = {active disks},
	Location = {Tsukuba, Japan},
	Month = oct,
	Pages = {472--478},
	Title = {Active Storage using Object-Based Devices},
	Year = 2008}

@misc{JohnMS08,
	Annote = {UConn},
	Author = {Tina Miriam John},
	Date-Added = {2009-04-10 19:22:39 -0400},
	Date-Modified = {2012-03-16 11:03:23 -0400},
	Howpublished = {M.S. thesis, University of Connecticut},
	Keywords = {active disks},
	Month = dec,
	Note = {Department of Electrical and Computer Engineering},
	Title = {Active Storage for Database Applications},
	Year = 2008}

@inproceedings{KapralosPDPTA05,
	Annote = {UConn},
	Author = {Michael P. Kapralos and John A. Chandy},
	Booktitle = pdpta,
	Date-Added = {2009-04-10 19:22:39 -0400},
	Date-Modified = {2009-04-10 19:22:40 -0400},
	Location = {Las Vegas, NV},
	Month = jun,
	Pages = {991--996},
	Title = {A Quorum Based Content Delivery Architecture},
	Year = 2005}

@inproceedings{NarayanSPECTS04,
	Annote = {UConn},
	Author = {Sumit Narayan and John A. Chandy},
	Booktitle = {Proceedings of International Symposium on Performance Evaluation of Computer and Telecommunication Systems},
	Date-Added = {2009-04-10 19:22:39 -0400},
	Date-Modified = {2009-04-10 19:22:40 -0400},
	Month = jun,
	Title = {Trace Based Analysis of File System Effects on Disk {I/O}},
	Year = 2004}

@misc{NarayanMS04,
	Annote = {UConn},
	Author = {Sumit Narayan},
	Date-Added = {2009-04-10 19:22:39 -0400},
	Date-Modified = {2009-04-10 19:22:40 -0400},
	Howpublished = {M.S. thesis, University of Connecticut},
	Month = nov,
	Note = {Department of Electrical and Computer Engineering},
	Title = {File System Optimization Using Block Reorganization Techniques},
	Year = 2004}

@inproceedings{NarayanSNAPI07,
	Annote = {UConn},
	Author = {Sumit Narayan and John A. Chandy},
	Booktitle = {Proceedings of International Workshop on Storage Network Architectures and Parallel I/Os},
	Date-Added = {2009-04-10 19:22:39 -0400},
	Date-Modified = {2009-04-10 19:22:40 -0400},
	Location = {San Diego, CA},
	Month = sep,
	Pages = {15--22},
	Title = {Parity Redundancy in a Clustered Storage System},
	Year = 2007}

@inproceedings{AmesMSST06,
	Annote = {UCSC},
	Author = {Sasha Ames and Nikhil Bobb and Kevin M. Greenan and Owen S. Hoffmann and Mark W. Storer and Carlos Maltzahn and Ethan L. Miller and Scott A. Brandt},
	Booktitle = msst,
	Date-Added = {2009-04-10 19:22:39 -0400},
	Date-Modified = {2009-04-10 19:22:40 -0400},
	Location = {College Park, MD},
	Title = {{LiFS: An} Attribute-Rich File System for Storage Class Memories},
	Year = 2006}

@inproceedings{BissonMASCOTS07,
	Annote = {UCSC},
	Author = {Timothy Bisson and Scott A. Brandt},
	Booktitle = {Proceedings of MASCOTS},
	Date-Added = {2009-04-10 19:22:39 -0400},
	Date-Modified = {2009-04-10 19:22:40 -0400},
	Title = {Reducing Hybrid Disk Write Latency with Flash-Backed {I/O} Requests},
	Year = 2007}

@inproceedings{BrandtMSST03,
	Annote = {UCSC},
	Author = {Scott A. Brandt and Ethan L. Miller and Darrell D. E. Long and Lan Xue},
	Booktitle = msst,
	Date-Added = {2009-04-10 19:22:39 -0400},
	Date-Modified = {2009-04-10 19:22:40 -0400},
	Location = {San Diego, CA},
	Month = apr,
	Pages = {290--298},
	Title = {Efficient Metadata Management in Large Distributed Storage Systems},
	Year = 2003}

@inproceedings{GreenanSISW05,
	Annote = {UCSC},
	Author = {Kevin Greenan and Mark Storer and Ethan L. Miller and Carlos Maltzahn},
	Booktitle = sisw,
	Date-Added = {2009-04-10 19:22:39 -0400},
	Date-Modified = {2009-04-10 19:22:40 -0400},
	Location = {San Francisco, CA},
	Month = dec,
	Title = {{POTSHARDS: Storing} Data for the Long-term Without Encryption},
	Year = 2005}

@article{LongSwiftRAID,
	Annote = {UCSC},
	Author = {Darrell D.E. Long and Bruce R. Montague and Luis-Felipe Cabrera},
	Date-Added = {2009-04-10 19:22:39 -0400},
	Date-Modified = {2009-04-10 19:22:40 -0400},
	Journal = {Computing Systems},
	Number = 3,
	Pages = {333--359},
	Title = {{Swift/RAID: A} Distributed {RAID} System},
	Volume = 7,
	Year = 1994}

@inproceedings{MillerFAST02,
	Annote = {UCSC},
	Author = {Ethan L. Miller and William E. Freeman and Darrell D. E. Long and Benjamin C. Reed},
	Booktitle = fast,
	Date-Added = {2009-04-10 19:22:39 -0400},
	Date-Modified = {2009-04-10 19:22:40 -0400},
	Location = {Monterey, CA},
	Month = jan,
	Title = {Strong Security for Network-Attached Storage},
	Year = 2002}

@inproceedings{MillerHotOS01,
	Annote = {UCSC},
	Author = {Ethan L. Miller and Scott Brandt and Darrell Long},
	Booktitle = {HOTOS VIII},
	Date-Added = {2009-04-10 19:22:39 -0400},
	Date-Modified = {2009-04-10 19:22:40 -0400},
	Location = {Schoss Elmau, Germany},
	Month = may,
	Pages = {83--87},
	Title = {{HeRMES: High-performance} Reliable {MRAM}-enabled storage},
	Year = 2001}

@inproceedings{StorerUSENIX07,
	Annote = {UCSC},
	Author = {Mark W. Storer and Kevin M. Greenan and Ethan L. Miller and Kaladhar Voruganti},
	Booktitle = usenix,
	Date-Added = {2009-04-10 19:22:39 -0400},
	Date-Modified = {2009-04-10 19:22:40 -0400},
	Month = jun,
	Title = {{POTSHARDS: Secure} Long-term Storage Without Encryption},
	Year = 2007}

@inproceedings{WeilSC06,
	Annote = {UCSC},
	Author = {Sage A. Weil and Scott A. Brandt and Ethan L. Miller and Carlos Maltzahn},
	Booktitle = {Proceedings of Supercomputing},
	Date-Added = {2009-04-10 19:22:39 -0400},
	Date-Modified = {2009-04-15 10:18:25 -0400},
	Month = nov,
	Number = {122},
	Title = {{CRUSH}: controlled, scalable, decentralized placement of replicated data},
	Year = {2006}}

@inproceedings{XinMSST03,
	Annote = {UCSC},
	Author = {Qin Xin and Ethan L. Miller and Thomas Schwarz and Darrell D. E. Long and Scott A. Brandt and Witold Litwin},
	Booktitle = msst,
	Date-Added = {2009-04-10 19:22:39 -0400},
	Date-Modified = {2009-04-10 19:22:40 -0400},
	Location = {San Diego, CA},
	Month = apr,
	Pages = {146--156},
	Title = {Reliability Mechanisms for Very Large Storage Systems},
	Year = 2003}

@inproceedings{XinWDAS04,
	Annote = {UCSC},
	Author = {Qin Xin and Thomas J. E. Schwarz and Ethan L. Miller},
	Booktitle = {Workshop on Distributed Data and Structures},
	Date-Added = {2009-04-10 19:22:39 -0400},
	Date-Modified = {2009-04-10 19:22:40 -0400},
	Location = {Lausanne, Switzerland},
	Month = jul,
	Title = {Availability in Peer-to-Peer Global Storage Systems},
	Year = 2004}

@inproceedings{AcharyaASPLOS98,
	Author = {Anurag Acharya and Mustafa Uysal and Joel Saltz},
	Booktitle = asplos,
	Date-Added = {2009-04-10 19:22:39 -0400},
	Date-Modified = {2012-03-16 11:03:23 -0400},
	Keywords = {active disks},
	Title = {Active Disks: Programming Model, Algorithms and Evaluation},
	Year = 1998,
	Bdsk-File-1 = {YnBsaXN0MDDUAQIDBAUIJidUJHRvcFgkb2JqZWN0c1gkdmVyc2lvblkkYXJjaGl2ZXLRBgdUcm9vdIABqAkKFRYXGyIjVSRudWxs0wsMDQ4RFFpOUy5vYmplY3RzV05TLmtleXNWJGNsYXNzog8QgASABqISE4ACgAOAB1lhbGlhc0RhdGFccmVsYXRpdmVQYXRo0hgNGRpXTlMuZGF0YU8RAcwAAAAAAcwAAgAADE1hY2ludG9zaCBIRAAAAAAAAAAAAAAAAAAAAMFW1JJIKwAAAAgzfhNhY2hhcnlhQVNQTE9TOTgucGRmAAAAAAAAAAAAAAAAAAAAAAAAAAAAAAAAAAAAAAAAAAAAAAAAAAAAAAAAAAAACDOEvKQWo1BERiAAAAAAAAIAAwAACSAAAAAAAAAAAAAAAAAAAAAHc3RvcmFnZQAAEAAIAADBVwzSAAAAEQAIAAC8pE7jAAAAAQAYAAgzfgAIMVgACDEyAAgiUgAH2GwAAG8ZAAIAUE1hY2ludG9zaCBIRDpVc2VyczpqY2hhbmR5OkRvY3VtZW50czpSZXNlYXJjaDpPdGhlcnM6c3RvcmFnZTphY2hhcnlhQVNQTE9TOTgucGRmAA4AKAATAGEAYwBoAGEAcgB5AGEAQQBTAFAATABPAFMAOQA4AC4AcABkAGYADwAaAAwATQBhAGMAaQBuAHQAbwBzAGgAIABIAEQAEgBDVXNlcnMvamNoYW5keS9Eb2N1bWVudHMvUmVzZWFyY2gvT3RoZXJzL3N0b3JhZ2UvYWNoYXJ5YUFTUExPUzk4LnBkZgAAEwABLwAAFQACAA7//wAAgAXSHB0eH1gkY2xhc3Nlc1okY2xhc3NuYW1lox8gIV1OU011dGFibGVEYXRhVk5TRGF0YVhOU09iamVjdF8QKC4uLy4uL090aGVycy9zdG9yYWdlL2FjaGFyeWFBU1BMT1M5OC5wZGbSHB0kJaIlIVxOU0RpY3Rpb25hcnkSAAGGoF8QD05TS2V5ZWRBcmNoaXZlcgAIABEAFgAfACgAMgA1ADoAPABFAEsAUgBdAGUAbABvAHEAcwB2AHgAegB8AIYAkwCYAKACcAJyAncCgAKLAo8CnQKkAq0C2ALdAuAC7QLyAAAAAAAAAgEAAAAAAAAAKAAAAAAAAAAAAAAAAAAAAwQ=}}

@manual{AdaptecTOE03,
	Date-Added = {2009-04-10 19:22:39 -0400},
	Date-Modified = {2009-04-10 19:22:40 -0400},
	Month = apr,
	Organization = {Adaptec, Inc.},
	Title = {{TCP/IP} Offload White Paper},
	Type = {{Whitepaper}},
	Year = 2003}

@manual{AlacritechTOE03,
	Date-Added = {2009-04-10 19:22:39 -0400},
	Date-Modified = {2009-04-10 19:22:40 -0400},
	Month = apr,
	Organization = {Alacritech, Inc.},
	Title = {{TOE} Benefits - {Enabling} Networking and {iSCSI} Storage Consolidation},
	Type = {{Whitepaper}},
	Year = 2003}

@article{Ander90,
	Author = {Michael H. Anderson},
	Date-Added = {2009-04-10 19:22:39 -0400},
	Date-Modified = {2009-04-10 19:22:40 -0400},
	Journal = {BYTE},
	Month = dec,
	Number = 13,
	Pages = {337--339},
	Title = {Strength (and Safety) in Numbers},
	Volume = 15,
	Year = 1990}

@manual{AuspexSAG00,
	Date-Added = {2009-04-10 19:22:39 -0400},
	Date-Modified = {2009-04-10 19:22:40 -0400},
	Organization = {Auspex Systems},
	Title = {A Storage Architecture Guide},
	Type = {{Whitepaper}},
	Year = 2000}

@article{AkyurekTOCS95,
	Author = {Sedat Akyurek and Kenneth Salem},
	Date-Added = {2009-04-10 19:22:39 -0400},
	Date-Modified = {2009-04-10 19:22:40 -0400},
	Journal = tocs,
	Number = 2,
	Pages = {89--121},
	Title = {Adaptive Block Rearrangement},
	Volume = 13,
	Year = 1995}

@inproceedings{BachmatSIGMOD02,
	Author = {Eitan Bachmat and Jiri Schindler},
	Booktitle = sigmod,
	Date-Added = {2009-04-10 19:22:39 -0400},
	Date-Modified = {2009-04-10 19:22:40 -0400},
	Pages = {55-65},
	Title = {Analysis of Methods for Scheduling Low Priority Disk Drive Tasks},
	Year = 2002}

@misc{BakkeUSPTO98,
	Author = {Brian Eric Bakke and Frederic Lawrence Huss and Daniel Frank Moertl and Bruce Marshall Walk},
	Date-Added = {2009-04-10 19:22:39 -0400},
	Date-Modified = {2009-04-10 19:22:40 -0400},
	Month = jun,
	Note = {US Patent No. 5765204, Filed June 5, 1996},
	Title = {Method and Apparatus for Adaptive Localization of Frequently Accessed, Randomly Accessed Data},
	Year = 1998}

@inproceedings{BarringMSST04,
	Author = {Olof B{\"a}rring and Ben Couturier and Jean-Damien Durand and Emil Knezo and Sebastien Ponce and Vitaly Motyakov},
	Booktitle = msst,
	Date-Added = {2009-04-10 19:22:39 -0400},
	Date-Modified = {2009-04-10 19:22:40 -0400},
	Location = {College Park, MD},
	Month = apr,
	Pages = {345--359},
	Title = {Storage Resource Sharing with {CASTOR}},
	Year = 2004}

@inproceedings{BaruCASCON98,
	Author = {Chaitanyu Baru and Reagan Moore and Arcot Rajasekar and Michael Wan},
	Booktitle = {Proceedings of CASCON},
	Date-Added = {2009-04-10 19:22:39 -0400},
	Date-Modified = {2009-04-10 19:22:40 -0400},
	Location = {Toronto},
	Month = nov,
	Title = {The {SDSC} Storage Resource Broker},
	Year = 1998}

@inproceedings{BeaverSISW02,
	Author = {Donald Beaver},
	Booktitle = sisw,
	Date-Added = {2009-04-10 19:22:39 -0400},
	Date-Modified = {2009-04-10 19:22:40 -0400},
	Location = {Greenbelt, MD},
	Month = sep,
	Pages = {3-9},
	Title = {Network Security and Storage Security: {Symmetries} and Symmetry-Breaking},
	Year = 2002}

@inproceedings{BellHPDC02,
	Author = {Keith Bell and Andrew Chien and Mario Lauria},
	Booktitle = hpdc,
	Date-Added = {2009-04-10 19:22:39 -0400},
	Date-Modified = {2009-04-10 19:22:40 -0400},
	Location = {Edinburgh, Scotland},
	Month = jul,
	Title = {A High-Performance Cluster Storage Server},
	Year = 2002}

@inproceedings{BenderSPAA07,
	Address = {New York, NY, USA},
	Author = {Michael A. Bender and Martin Farach-Colton and Jeremy T. Fineman and Yonatan R. Fogel and Bradley C. Kuszmaul and Jelani Nelson},
	Booktitle = {Proceedings of the annual ACM symposium on Parallel algorithms and architectures},
	Date-Added = {2009-04-10 19:22:39 -0400},
	Date-Modified = {2009-04-10 19:22:40 -0400},
	Doi = {http://doi.acm.org/10.1145/1248377.1248393},
	Isbn = {978-1-59593-667-7},
	Location = {San Diego, CA},
	Pages = {81--92},
	Publisher = {ACM},
	Title = {Cache-oblivious streaming {B-trees}},
	Year = {2007},
	Bdsk-Url-1 = {http://doi.acm.org/10.1145/1248377.1248393}}

@inproceedings{BentHPDC02,
	Author = {John Bent and Venkateshwaran Venkataramani and Nick LeRoy and Alain Roy and Joseph Stanley and Andrea C. Arpaci-Dusseau and Remzi H. Arpaci-Dusseau and Miron Livny},
	Booktitle = hpdc,
	Date-Added = {2009-04-10 19:22:39 -0400},
	Date-Modified = {2009-04-10 19:22:40 -0400},
	Location = {Edinburgh, Scotland},
	Month = jul,
	Title = {Flexibility, Manageability, and Performance in a Grid Storage Appliance},
	Year = 2002}

@inproceedings{BhagwanNSDI04,
	Author = {Ranjita Bhagwan and Kiran Tati and Yu-Chung Cheng and Stefan Savage and Geoffrey M. Voelker},
	Booktitle = {Proceedings of the ACM/USENIX Symposium on Networked Systems Design and Implementation},
	Date-Added = {2009-04-10 19:22:39 -0400},
	Date-Modified = {2009-04-10 19:22:40 -0400},
	Title = {{TotalRecall: System} Support for Automated Availability Management},
	Year = 2004}

@inproceedings{BiswasSIGMETRICS93,
	Author = {Prabuddha Biswas and K. K. Ramakrishnan and Don Towsley},
	Booktitle = sigmetrics,
	Date-Added = {2009-04-10 19:22:39 -0400},
	Date-Modified = {2009-04-10 19:22:40 -0400},
	Pages = {78-90},
	Title = {Trace Driven Analysis of Write Caching Policies for Disks},
	Year = 1993}

@inproceedings{Bitton88,
	Author = {Dina Bitton and Jim Gray},
	Booktitle = vldb,
	Date-Added = {2009-04-10 19:22:39 -0400},
	Date-Modified = {2009-04-10 19:22:40 -0400},
	Month = sep,
	Pages = {331--338},
	Title = {Disk Shadowing},
	Year = 1988}

@inproceedings{Bitton89,
	Author = {Dina Bitton},
	Booktitle = compcon,
	Date-Added = {2009-04-10 19:22:39 -0400},
	Date-Modified = {2009-04-10 19:22:40 -0400},
	Pages = {132--136},
	Title = {Arm Scheduling in Shadowed Disks},
	Year = {Spring 1989}}

@inproceedings{BjornssonOOPSLA02,
	Author = {Magnus E. Bjornsson and Liuba Shrira},
	Booktitle = oopsla,
	Date-Added = {2009-04-10 19:22:39 -0400},
	Date-Modified = {2009-04-10 19:22:40 -0400},
	Location = {Seattle, WA},
	Pages = {26--39},
	Title = {{BuddyCache: High}-Performance Object Storage for Collaborative Strong-Consistency Applications in a {WAN}},
	Year = 2002}

@inproceedings{BlazeUSENIX92,
	Author = {Matt Blaze},
	Booktitle = {Proceedings of the Winter USENIX Technical Conference},
	Date-Added = {2009-04-10 19:22:39 -0400},
	Date-Modified = {2009-04-10 19:22:40 -0400},
	Pages = {333--344},
	Title = {{NFS} Tracing by Passive Network Monitoring},
	Year = {Winter 1992}}

@inproceedings{BlazeCCS93,
	Author = {Matt Blaze},
	Booktitle = {Proceedings of the ACM Conference on Computer and Communications Security},
	Date-Added = {2009-04-10 19:22:39 -0400},
	Date-Modified = {2009-04-10 19:22:40 -0400},
	Location = {Fairfax, VA},
	Month = nov,
	Title = {A Cryptographic File System for {Unix}},
	Year = {1993}}

@inproceedings{BlazeUSENIX94,
	Author = {Matt Blaze},
	Booktitle = {Proceedings of the USENIX Summer Technical Conference},
	Date-Added = {2009-04-10 19:22:39 -0400},
	Date-Modified = {2009-04-10 19:22:40 -0400},
	Location = {Boston, MA},
	Month = jun,
	Title = {Key Management in an Encrypting File System},
	Year = {1994}}

@misc{BlueArcNetbench,
	Author = {eTestingLabs},
	Date-Added = {2009-04-10 19:22:39 -0400},
	Date-Modified = {2009-04-10 19:22:40 -0400},
	Month = jun,
	Title = {{BlueArc Corporation Si7500} Storage System: {NetBench} 7.01 and {Iometer} Benchmark tests},
	Year = 2001}

@article{Boden95myrinet,
	Author = {Nanette J. Boden and Danny Cohen and Robert E. Felderman and Alan E. Kulawik and Charles L. Seitz and Jakov N. Seizovic and Wen-King Su},
	Date-Added = {2009-04-10 19:22:39 -0400},
	Date-Modified = {2009-04-10 19:22:40 -0400},
	Journal = {IEEE Micro},
	Number = {1},
	Pages = {29-36},
	Title = {Myrinet: A Gigabit-per-Second Local Area Network},
	Url = {citeseer.nj.nec.com/boden95myrinet.html},
	Volume = {15},
	Year = {1995},
	Bdsk-Url-1 = {citeseer.nj.nec.com/boden95myrinet.html}}

@inproceedings{Bodn91,
	Author = {Roberta R. Bodnarchuk and Richard B. Bunt},
	Booktitle = sigmetrics,
	Date-Added = {2009-04-10 19:22:39 -0400},
	Date-Modified = {2009-04-10 19:22:40 -0400},
	Month = may,
	Pages = {50--59},
	Title = {A Synthetic Workload Model for a Distributed System File Server},
	Year = 1991}

@misc{Bonnie,
	Author = {Timothy Bray},
	Date-Added = {2009-04-10 19:22:39 -0400},
	Date-Modified = {2009-04-15 10:52:20 -0400},
	Howpublished = {{\tt http://www.textuality.com/bonnie}},
	Title = {The {Bonnie} Disk Benchmark},
	Year = 1990}

@inproceedings{BoralIWDM83,
	Author = {H. Boral and D.J. DeWitt},
	Booktitle = {Proceedings of International Workshop on Database Machines},
	Date-Added = {2009-04-10 19:22:39 -0400},
	Date-Modified = {2009-04-10 19:22:40 -0400},
	Month = sep,
	Title = {Database Machines: {An} Idea Whose Time Has Passed?},
	Year = 1983}

@book{Bovet03,
	Author = {Daniel P. Bovet and Marco Cesati},
	Date-Added = {2009-04-10 19:22:39 -0400},
	Date-Modified = {2009-04-10 19:22:40 -0400},
	Edition = {2nd},
	Publisher = {O'Reilly and Associated Inc},
	Title = {Understanding the Linux Kernel},
	Year = 2003}

@inproceedings{BurrisHPDC00,
	Author = {R. D. Burris and D. L. Million and S. R. White and M. K. Gleicher and H. H. Holmes},
	Booktitle = hpdc,
	Date-Added = {2009-04-10 19:22:39 -0400},
	Date-Modified = {2009-04-10 19:22:40 -0400},
	Location = {Edinburgh, Scotland},
	Month = aug,
	Title = {{Probe - A} Distributed Storage Testbed},
	Year = 2000}

@inproceedings{Card94,
	Author = {R. Card, T. Ts'o and S. Tweedie},
	Booktitle = {Dutch International Symposium on Linux},
	Date-Added = {2009-04-10 19:22:39 -0400},
	Date-Modified = {2009-04-10 19:22:40 -0400},
	Title = {Design and Implementation of the {Second Extended File System}},
	Year = 1994}

@inproceedings{Cate91,
	Author = {Vincent Cate and Thomas Gross},
	Booktitle = asplos,
	Date-Added = {2009-04-10 19:22:39 -0400},
	Date-Modified = {2009-04-10 19:22:40 -0400},
	Month = apr,
	Pages = {200--211},
	Title = {Combining the Concepts of Compression and Caching for a Two-Level Filesystem},
	Year = 1991}

@inproceedings{CattaneoFREENIX01,
	Author = {Giuseppe Cattaneo and Luigi Catuogno and Del Sorbo, Aniello and Pino Persiano},
	Booktitle = {Proceedings of FREENIX},
	Date-Added = {2009-04-10 19:22:39 -0400},
	Date-Modified = {2009-04-10 19:22:40 -0400},
	Title = {The Design and Implementation of a Transparent Cryptographic Filesystem for {UNIX}},
	Year = 2001}

@manual{CDAC90,
	Address = {Bangalore, INDIA},
	Author = {{Centre for Development of Advanced Computing}},
	Date-Added = {2009-04-10 19:22:39 -0400},
	Date-Modified = {2009-04-10 19:22:40 -0400},
	Month = mar,
	Title = {Architecture-I {APEX} Concurrent File System, System Definition},
	Year = 1990}

@article{Chau02,
	Author = {Siu-Cheung Chau and Ada Wai-Chee Fu},
	Date-Added = {2009-04-10 19:22:39 -0400},
	Date-Modified = {2009-04-10 19:22:40 -0400},
	Journal = {Cluster Computing},
	Month = jan,
	Number = 1,
	Pages = {97--105},
	Title = {A Gracefully Degradable Declustered RAID Architecture},
	Volume = 5,
	Year = 2002}

@techreport{CIFS,
	Author = {Paul J. Leach and Dilip C. Naik},
	Date-Added = {2009-04-10 19:22:39 -0400},
	Date-Modified = {2009-04-10 19:22:40 -0400},
	Institution = {Network Working Group, Internet Engineering Task Force},
	Month = dec,
	Title = {A Common Internet File System {(CIFS/1.0)} Protocol},
	Type = {{Draft}},
	Year = 1997}

@misc{ConnerPatent94,
	Author = {John P. Squires and Glade N. Bagnell and Charles M. Sander and Kurt M. Anderson},
	Date-Added = {2009-04-10 19:22:39 -0400},
	Date-Modified = {2009-04-10 19:22:40 -0400},
	Howpublished = {Conner Peripherals},
	Month = mar,
	Note = {{US Patent No. 5,293,282, WIPO Patent No. 9209077}},
	Title = {Multiple Actuator Disk Drive},
	Year = 1994}

@inproceedings{CopeLCI05,
	Author = {Jason Cope and Michael Oberg and Henry M. Tufo and Matthew Woitaszek},
	Booktitle = {Proceedings of the LCI International Conference on Linux Clusters: The HPC Revolution},
	Date-Added = {2009-04-10 19:22:39 -0400},
	Date-Modified = {2009-04-10 19:22:40 -0400},
	Title = {Shared Parallel Filesystems in Heterogeneous {Linux} Multi-Cluster Environments},
	Year = 2005}

@manual{CXFS,
	Date-Added = {2009-04-10 19:22:39 -0400},
	Date-Modified = {2009-04-10 19:22:40 -0400},
	Month = jul,
	Number = 2816,
	Organization = {Silicon Graphics, Inc.},
	Title = {{SGI CXFS} Clustered Filesystem},
	Type = {Datasheet},
	Year = 2000}

@manual{DAFSSpec,
	Date = 1,
	Date-Added = {2009-04-10 19:22:39 -0400},
	Date-Modified = {2009-04-10 19:22:40 -0400},
	Month = sep,
	Organization = {{DAFS Collaborative}},
	Title = {{DAFS: Direct} Access File System Protocol (Version 1.00)},
	Year = 2001}

@inproceedings{DeWittVLDB81,
	Author = {D.J. DeWitt and P. Hawthorn},
	Booktitle = vldb,
	Date-Added = {2009-04-10 19:22:39 -0400},
	Date-Modified = {2009-04-10 19:22:40 -0400},
	Month = sep,
	Title = {A Performance Evaluation of Database Machine Architectures},
	Year = 1981}

@techreport{istor-TR,
	Author = {Ananth Devulapalli and Iyappa T. Murugandi and Da Xu and Pete Wyckoff},
	Date-Added = {2009-04-10 19:22:39 -0400},
	Date-Modified = {2012-01-23 16:12:07 -0500},
	Institution = {Ohio Supercomputer Center},
	Title = {Design of an Intelligent Object-based Storage Device},
	Url = {http://www.osc.edu/research/network_file/projects/object/papers/istor-tr.pdf},
	Bdsk-Url-1 = {http://www.osc.edu/research/network_file/projects/object/papers/istor-tr.pdf}}

@misc{EncFS,
	Author = {Valiant Gough},
	Date-Added = {2009-04-10 19:22:39 -0400},
	Date-Modified = {2009-04-10 19:22:40 -0400},
	Howpublished = {{\tt http://encfs.sourceforge.net}},
	Title = {{EncFS} Encrypted Filesystem},
	Year = 2005}

@article{DeBen93,
	Author = {Erik P. DeBenedictis and Juan Miguel del Rosario},
	Date-Added = {2009-04-10 19:22:39 -0400},
	Date-Modified = {2009-04-10 19:22:40 -0400},
	Journal = jpdc,
	Month = jan,
	Number = 1,
	Pages = {122--128},
	Title = {Scalable {I/O} in the {nCUBE} system},
	Volume = 17,
	Year = 1993}

@inproceedings{DesnoyersSENSYS05,
	Author = {Peter Desnoyers and Deepak Ganesan and Prashant Shenoy},
	Booktitle = {Proceedings of the ACM Conference on Embedded Networked Sensor Systems},
	Date-Added = {2009-04-10 19:22:39 -0400},
	Date-Modified = {2009-04-10 19:22:40 -0400},
	Location = {San Diego, CA},
	Month = nov,
	Title = {{TSAR: A} Two Tier Storage Architecture Using Interval Skip Graphs},
	Year = 2005}

@inproceedings{DesnoyersHotOS05,
	Author = {Peter Desnoyers and Deepak Ganesan and Huan Li and Ming Li and Prashant Shenoy},
	Booktitle = {Proceedings of the Workshop on Hot Topics in Operating Systems},
	Date-Added = {2009-04-10 19:22:39 -0400},
	Date-Modified = {2009-04-10 19:22:40 -0400},
	Location = {Santa Fe, NM},
	Month = jun,
	Title = {{PRESTO: A} Predictive Storage Architecture for Sensor Networks},
	Year = 2005}

@inproceedings{DevulapalliMSST07,
	Author = {Ananth Devulapalli and Dennis Dalessandro and Nawab Ali and Pete Wyckoff},
	Booktitle = msst,
	Date-Added = {2009-04-10 19:22:39 -0400},
	Date-Modified = {2009-04-14 19:15:37 -0400},
	Pages = {263--268},
	Title = {Attribute Storage Design for Object-based Storage Devices},
	Year = 2007}

@inproceedings{Dibble88,
	Author = {Peter C. Dibble and Michael L. Scott and Carla S. Ellis},
	Booktitle = icdcs,
	Date-Added = {2009-04-10 19:22:39 -0400},
	Date-Modified = {2009-04-10 19:22:40 -0400},
	Month = may,
	Pages = {154--161},
	Title = {{Bridge: A} High-Performance File System for Parallel Processors},
	Year = 1988}

@inproceedings{DuSC03,
	Author = {David H. C. Du},
	Booktitle = {Storage Workshop of Supercomputing~'03},
	Date-Added = {2009-04-10 19:22:39 -0400},
	Date-Modified = {2009-04-10 19:22:40 -0400},
	Title = {Intelligent Storage Device: An Answer to Data Explosion Problem?},
	Year = 2003}

@inproceedings{EllardFAST03,
	Author = {Daniel Ellard and Jonathan Ledlie and Pia Malkani and Margo Seltzer},
	Booktitle = fast,
	Date-Added = {2009-04-10 19:22:39 -0400},
	Date-Modified = {2009-04-10 19:22:40 -0400},
	Location = {San Francisco, CA},
	Month = mar,
	Title = {Passive {NFS} Tracing of Email and Research Workloads},
	Year = 2003}

@inproceedings{EllardFREENIX03,
	Author = {Daniel Ellard and Margo Seltzer},
	Booktitle = {Proceedings of FREENIX},
	Date-Added = {2009-04-10 19:22:39 -0400},
	Date-Modified = {2009-04-10 19:22:40 -0400},
	Title = {{NFS} Tricks and Benchmarking Traps},
	Year = 2003}

@inproceedings{exRAID,
	Author = {Timothy E. Denehy and Andrea C. Arpaci-Dusseau and Remzi H. Arpaci-Dusseau},
	Booktitle = usenix,
	Date-Added = {2009-04-10 19:22:39 -0400},
	Date-Modified = {2009-04-10 19:22:40 -0400},
	Month = jun,
	Title = {Bridging the Information Gap in Storage Protocol Stacks},
	Year = 2002}

@misc{open-osd,
	Company = {Panasas, Inc.},
	Date-Added = {2009-04-10 19:22:39 -0400},
	Date-Modified = {2012-03-16 10:46:09 -0400},
	Howpublished = {http://www.open-osd.org}}

@inproceedings{FernandezUSENIX88,
	Author = {Gary Fernandez and Larry Allen},
	Booktitle = {USENIX Conference Proceedings},
	Date-Added = {2009-04-10 19:22:39 -0400},
	Date-Modified = {2009-04-10 19:22:40 -0400},
	Location = {San Francisco, CA},
	Pages = {119--132},
	Title = {Extending the {UNIX} Protection Model with Access Control Lists},
	Year = 1988}

@article{FlashMemoryTrends,
	Author = {{Red Herring}},
	Date-Added = {2009-04-10 19:22:39 -0400},
	Date-Modified = {2009-04-10 19:22:40 -0400},
	Journal = {Red Herring},
	Month = {December 19},
	Title = {Top 10 Trends: Flash Memory},
	Year = 2005}

@inproceedings{Frangipani,
	Author = {Chandramohan A. Thekkath and Timothy Mann and Edward K. Lee},
	Booktitle = sosp,
	Date-Added = {2009-04-10 19:22:39 -0400},
	Date-Modified = {2009-04-10 19:22:40 -0400},
	Pages = {224--237},
	Title = {Frangipani: A Scalable Distributed File System},
	Year = 1997}

@inproceedings{French91,
	Author = {James C. French and Terrence W. Pratt and Mriganka Das},
	Booktitle = sigmetrics,
	Date-Added = {2009-04-10 19:22:39 -0400},
	Date-Modified = {2009-04-10 19:22:40 -0400},
	Pages = {178--187},
	Title = {Performance Measurement of a Parallel Input/Output System for the {Intel iPSC/2} Hypercube},
	Year = 1991}

@article{French93,
	Author = {James C. French and Terrence W. Pratt and Mriganka Das},
	Date-Added = {2009-04-10 19:22:39 -0400},
	Date-Modified = {2009-04-10 19:22:40 -0400},
	Journal = jpdc,
	Month = jan,
	Number = 1,
	Pages = {115--121},
	Title = {Performance Measurement of the Concurrent File System of the {Intel iPSC/2} Hypercube},
	Volume = 17,
	Year = 1993}

@misc{FUSE,
	Author = {M. Szeredi},
	Date-Added = {2009-04-10 19:22:39 -0400},
	Date-Modified = {2009-04-10 19:22:40 -0400},
	Howpublished = {{\tt http://fuse.sourceforge.net}},
	Title = {Filesystem in Userspace},
	Year = 2005}

@inproceedings{GabberICDE98,
	Author = {Eran Gabber and Henry F. Korth},
	Booktitle = icde,
	Date-Added = {2009-04-10 19:22:39 -0400},
	Date-Modified = {2009-04-10 19:22:40 -0400},
	Pages = {144-153},
	Title = {Data Logging: A Method for Efficient Data Updates in Constantly Active {RAIDs}},
	Url = {citeseer.nj.nec.com/gabber98data.html},
	Year = {1998},
	Bdsk-Url-1 = {citeseer.nj.nec.com/gabber98data.html}}

@inproceedings{GaedeCMG82,
	Author = {Steven Gaede},
	Booktitle = {Proceedings of the International Conference on Management and Performance Evaluation of Computer Systems},
	Date-Added = {2009-04-10 19:22:39 -0400},
	Date-Modified = {2009-04-10 19:22:40 -0400},
	Pages = {62--67},
	Title = {A Scaling Technique for Comparing Interactive System Capacities},
	Year = {1982}}

@inproceedings{GalUSENIX05,
	Author = {Eran Gal and Sivan Toledo},
	Booktitle = usenix,
	Date-Added = {2009-04-10 19:22:39 -0400},
	Date-Modified = {2009-04-10 19:22:40 -0400},
	Location = {Anaheim, CA},
	Month = apr,
	Title = {A Transactional Flash File System for Microcontrollers},
	Year = 2005}

@article{Galley,
	Author = {Nils Nieuwejaar and David Kotz},
	Date-Added = {2009-04-10 19:22:39 -0400},
	Date-Modified = {2009-04-10 19:22:40 -0400},
	Journal = {Parallel Computing},
	Month = jun,
	Number = 4,
	Pages = {447--476},
	Title = {The {Galley} Parallel File System},
	Volume = 23,
	Year = 1997}

@inproceedings{GargCLUSTER01,
	Author = {Sharad Garg and Jens Mache},
	Booktitle = {Proceedings of the IEEE International Conference on Cluster Computing},
	Date-Added = {2009-04-10 19:22:39 -0400},
	Date-Modified = {2009-04-10 19:22:40 -0400},
	Pages = {172-177},
	Title = {Performance Evaluation of Parallel File Systems for {PC} Clusters and {ASCI Red}},
	Year = {2001}}

@article{Gavish90,
	Author = {Bezalel Gavish and Olivia R. Liu Sheng},
	Date-Added = {2009-04-10 19:22:39 -0400},
	Date-Modified = {2009-04-10 19:22:40 -0400},
	Journal = cacm,
	Month = feb,
	Number = 2,
	Pages = {177--189},
	Title = {Dynamic File Migration in Distributed Computer Systems},
	Volume = 33,
	Year = 1990}

@techreport{GFS,
	Author = {Andrew Barry and Matthew O'Keefe},
	Date-Added = {2009-04-10 19:22:39 -0400},
	Date-Modified = {2009-04-10 19:22:40 -0400},
	Institution = {Sistina Software},
	Title = {Storage Clusters for {Linux}},
	Type = {{Whitepaper}},
	Year = 2000}

@inproceedings{GFS_Soltis99,
	Author = {Steve Soltis and Grant Erickson and Ken Preslan and Matthew O'Keefe and Tow Ruwart},
	Booktitle = {Proceedings of the NASA Goddard Space Flight Center Conference on Mass Storage Systems and Technologies},
	Date-Added = {2009-04-10 19:22:39 -0400},
	Date-Modified = {2009-04-10 19:22:40 -0400},
	Month = mar,
	Title = {The Design and Implementation of a Shared Disk File System for {IRIX}},
	Year = 1999}

@inproceedings{GhemawatSOSP03,
	Address = {New York, NY, USA},
	Author = {Sanjay Ghemawat and Howard Gobioff and Shun-Tak Leung},
	Booktitle = sosp,
	Date-Added = {2009-04-10 19:22:39 -0400},
	Date-Modified = {2009-04-10 19:22:40 -0400},
	Doi = {http://doi.acm.org/10.1145/945445.945450},
	Isbn = {1-58113-757-5},
	Location = {Bolton Landing, NY, USA},
	Pages = {29--43},
	Publisher = {ACM Press},
	Title = {The {Google} file system},
	Year = {2003},
	Bdsk-Url-1 = {http://doi.acm.org/10.1145/945445.945450}}

@inproceedings{Ghosh91,
	Author = {Joydeep Ghosh and Bipul Agarwal},
	Booktitle = ipps,
	Date-Added = {2009-04-10 19:22:39 -0400},
	Date-Modified = {2009-04-10 19:22:40 -0400},
	Month = may,
	Pages = {381--384},
	Title = {Parallel {I/O} Subsystems for Hypercube Multicomputers},
	Year = 1991}

@article{Ghosh93,
	Author = {Joydeep Ghosh and Kelvin D. Goveas and Jeffrey T. Draper},
	Date-Added = {2009-04-10 19:22:39 -0400},
	Date-Modified = {2009-04-10 19:22:40 -0400},
	Journal = jpdc,
	Month = jan,
	Number = 1,
	Pages = {90--105},
	Title = {Parallel {I/O} Subsystems for Distributed-Memory Multicomputers},
	Volume = 17,
	Year = 1993}

@inproceedings{GibsonMSST98,
	Author = {Timothy J. Gibson and Ethan L. Miller},
	Booktitle = msst,
	Date-Added = {2009-04-10 19:22:39 -0400},
	Date-Modified = {2009-04-10 19:22:40 -0400},
	Title = {Long-Term File Activity Patterns in a {UNIX} Workstation Environment},
	Year = 1998}

@inproceedings{Gray90,
	Author = {Jim Gray and Bob Host and Mark Walker},
	Booktitle = vldb,
	Date-Added = {2009-04-10 19:22:39 -0400},
	Date-Modified = {2009-04-10 19:22:40 -0400},
	Month = aug,
	Pages = {148--161},
	Title = {Parity Striping of Disk Arrays: {Low-cost} Reliable Storage with Acceptable Throughput},
	Year = 1990}

@inproceedings{GrayIOPADS97,
	Author = {J. Gray},
	Booktitle = {Proceedings of IOPADS},
	Date-Added = {2009-04-10 19:22:39 -0400},
	Date-Modified = {2009-04-10 19:22:40 -0400},
	Month = nov,
	Note = {Keynote Address},
	Title = {What happens when Processing, Storage, and Bandwidth are Free and Infinite?},
	Year = 1997}

@article{GrossmanJACM73,
	Author = {David D. Grossman and Harvey F. Silverman},
	Date-Added = {2009-04-10 19:22:39 -0400},
	Date-Modified = {2009-04-10 19:22:40 -0400},
	Journal = {Journal of the ACM},
	Month = jul,
	Number = 3,
	Pages = {429--438},
	Title = {Placement of Records on Secondary Storage Device to Minimize Access Time},
	Volume = 20,
	Year = 1973}

@inproceedings{HainesOOPSLA95,
	Author = {Matthew Haines and Piyush Mehrotra and Van Rosendale, John},
	Booktitle = oopsla,
	Date-Added = {2009-04-10 19:22:39 -0400},
	Date-Modified = {2009-04-10 19:22:40 -0400},
	Month = oct,
	Pages = {453--466},
	Title = {{SmartFiles: An OO} Approach to Data File Interoperability},
	Year = 1995}

@book{Hall86,
	Address = {New York, NY},
	Author = {Hall, Jr., Marshall Hall},
	Date-Added = {2009-04-10 19:22:39 -0400},
	Date-Modified = {2009-04-10 19:22:40 -0400},
	Edition = {2nd},
	Publisher = {John Wiley \& Sons},
	Title = {Combinatorial Theory},
	Year = 1986}

@misc{HardDiskTrends,
	Author = {Matthew Daley},
	Date-Added = {2009-04-10 19:22:39 -0400},
	Date-Modified = {2009-04-10 19:22:40 -0400},
	Howpublished = {http://www.mattscomputertrends.com/harddrives.html},
	Title = {Hard Disk Trends},
	Year = 2006}

@misc{HardDiskTrends08,
	Author = {Matthew Daley},
	Date-Added = {2009-04-10 19:22:39 -0400},
	Date-Modified = {2009-04-10 19:22:40 -0400},
	Howpublished = {http://\-www.\-matts\-com\-put\-er\-trends.\-com/\-hard\-drives\-.html},
	Title = {Hard Disk Trends},
	Year = 2008}

@inproceedings{HeISE01,
	Author = {Xubin He and Qing Yang},
	Booktitle = {Proceedings of the International Symposium on Information Systems and Engineering},
	Date-Added = {2009-04-10 19:22:39 -0400},
	Date-Modified = {2009-04-10 19:22:40 -0400},
	Month = jun,
	Pages = {334--340},
	Title = {{VC-RAID: A} Large Virtual {NVRAM} Cache for Software Do-it-yourself {RAID}},
	Year = 2001}

@misc{HECFSIO07,
	Author = {Rob Ross and Steve Poole and Evan Felix and Bill Loewe and Lee Ward and Gary Grider and John Bent and James Nunez and Ellen Salmon},
	Date-Added = {2009-04-10 19:22:39 -0400},
	Date-Modified = {2009-04-10 19:22:40 -0400},
	Title = {High End Computing Interagency Working Group ({HECIWG}) Sponsored File Systems and {I/O} Workshop HEC FSIO},
	Year = 2007}

@misc{HPC_File_Systems,
	Author = {Rob Ross and Evan Felix and Bill Loewe and Lee Ward and Gary Grider and Rob Hill},
	Date-Added = {2009-04-10 19:22:39 -0400},
	Date-Modified = {2009-04-10 19:22:40 -0400},
	Title = {{HPC} File Systems and Scalable {I/O: Suggested} Research and Development Topics for the fiscal 2005-2009 time frame}}

@manual{HPFF92,
	Address = {CITI/CRPC, Rice University, Houston, TX},
	Author = {{High Performance Fortran Forum}},
	Date-Added = {2009-04-10 19:22:39 -0400},
	Date-Modified = {2009-04-10 19:22:40 -0400},
	Month = nov,
	Title = {High Performance {Fortran} Language Specification ({DRAFT 0.4})},
	Year = 1992}

@inproceedings{HuISCA95,
	Author = {Yiming Hu and Qing Yang},
	Booktitle = isca,
	Date-Added = {2009-04-10 19:22:39 -0400},
	Date-Modified = {2009-04-10 19:22:40 -0400},
	Location = {Philadelphia, PA},
	Pages = {169--178},
	Title = {{DCD - Disk} Caching Disk: {A} New Approach for Boosting {I/O} Performance},
	Year = 1995}

@inproceedings{HuaICDE99,
	Author = {Kien A. Hua and Khanh Vu and Ta-Hsiung Hu},
	Booktitle = icde,
	Date-Added = {2009-04-10 19:22:39 -0400},
	Date-Modified = {2009-04-10 19:22:40 -0400},
	Pages = {79--86},
	Title = {Improving {RAID} Performance Using a Multibuffer Technique},
	Url = {citeseer.nj.nec.com/414390.html},
	Year = {1999},
	Bdsk-Url-1 = {citeseer.nj.nec.com/414390.html}}

@article{HuhJCSC03,
	Author = {Jung-ho Huh and Tae-mu Chang},
	Date-Added = {2009-04-10 19:22:39 -0400},
	Date-Modified = {2009-04-10 19:22:40 -0400},
	Journal = {Journal of Computing in Small Colleges},
	Month = dec,
	Number = 2,
	Pages = {47--59},
	Title = {Hierarchical disk cache management in {RAID} 5 controller},
	Volume = 19,
	Year = 2003}

@inproceedings{HuntUSENIXNT99,
	Author = {Galen Hunt and Doug Brubacher},
	Booktitle = {Proceedings of USENIX Windows NT Symposium},
	Date-Added = {2009-04-10 19:22:39 -0400},
	Date-Modified = {2009-04-10 19:22:40 -0400},
	Location = {Seattle, WA},
	Month = jul,
	Pages = {135--143},
	Title = {{Detours: Binary} Interception of {Win32} Functions},
	Year = 1999}

@misc{IntelOSDWP03,
	Author = {{Intel Corporation}},
	Date-Added = {2009-04-10 19:22:39 -0400},
	Date-Modified = {2009-04-10 19:22:40 -0400},
	Month = jul,
	Title = {Object-based Storage, {The} Next Wave of Storage Technology and Devices},
	Type = {Whitepaper},
	Year = 2003}

@misc{IBRIX,
	Author = {IBRIX},
	Date-Added = {2009-04-10 19:22:39 -0400},
	Date-Modified = {2009-04-10 19:22:40 -0400},
	Howpublished = {http://www.ibrix.com}}

@misc{IOZone,
	Author = {IOZone},
	Date-Added = {2009-04-10 19:22:39 -0400},
	Date-Modified = {2009-04-10 19:22:40 -0400},
	Howpublished = {http://www.iozone.org},
	Month = feb,
	Note = {v. 3.242},
	Year = 2005}

@techreport{iSCSI,
	Author = {Julian Satran and Daniel Smith and Kalman Meth and Ofer Biren and Jim Hafner and Costa Sapuntzakis and Mark Bakke and Randy Haagens and Mallikarjun Chadalapaka and Matt Wakeley and Luciano {Dalle Ore} and Paul {Von Stamwitz} and Efri Zeidner},
	Date-Added = {2009-04-10 19:22:39 -0400},
	Date-Modified = {2009-04-10 19:22:40 -0400},
	Institution = {IPS},
	Month = apr,
	Title = {{iSCSI}},
	Type = {{Internet Draft}},
	Year = 2002}

@article{Jacobs92,
	Author = {Paula Jacobs},
	Date-Added = {2009-04-10 19:22:39 -0400},
	Date-Modified = {2009-04-10 19:22:40 -0400},
	Journal = {SunWorld},
	Month = jul,
	Pages = {31--38},
	Title = {{RAID: Hope} or hype?},
	Year = 1992}

@inproceedings{KherSISW03,
	Author = {Vishal Kher and Yongdae Kim},
	Booktitle = sisw,
	Date-Added = {2009-04-10 19:22:39 -0400},
	Date-Modified = {2009-04-10 19:22:40 -0400},
	Location = {Washington, DC},
	Month = oct,
	Pages = {1-9},
	Title = {Decentralized Authentication Mechanisms for Object-based Storage Devices},
	Year = 2003}

@article{Kim86,
	Author = {Michelle Y. Kim},
	Date-Added = {2009-04-10 19:22:39 -0400},
	Date-Modified = {2009-04-10 19:22:40 -0400},
	Journal = ieeetc,
	Month = nov,
	Number = 11,
	Pages = {978--988},
	Title = {Synchronized Disk Interleaving},
	Volume = {C-35},
	Year = 1986}

@inproceedings{KimCOOTS97,
	Author = {Ted H. Kim and Gerald J. Popek},
	Booktitle = {Proceedings of USENIX Conference on Object-Oriented Technologies},
	Date-Added = {2009-04-10 19:22:39 -0400},
	Date-Modified = {2009-04-10 19:22:40 -0400},
	Title = {{Frigate: An} Object-Oriented File System for Ordinary Users},
	Year = 1997}

@inproceedings{KimSISW02,
	Author = {Yongdae Kim and Maithili Narasimha and Fabio Maino and Gene Tsudik},
	Booktitle = sisw,
	Date-Added = {2009-04-10 19:22:39 -0400},
	Date-Modified = {2009-04-10 19:22:40 -0400},
	Location = {Greenbelt, MD},
	Month = sep,
	Pages = {35-44},
	Title = {Secure Group Services for Storage Area Networks},
	Year = 2002}

@article{King90,
	Author = {Richard P. King},
	Date-Added = {2009-04-10 19:22:39 -0400},
	Date-Modified = {2009-04-10 19:22:40 -0400},
	Journal = tocs,
	Number = 3,
	Pages = {214--229},
	Title = {Disk Arm Movement in Anticipation of Future Requests},
	Volume = 8,
	Year = 1990}

@article{King92a,
	Author = {Peggy King},
	Date-Added = {2009-04-10 19:22:39 -0400},
	Date-Modified = {2009-04-10 19:22:40 -0400},
	Journal = {Open Systems Today},
	Month = {September 21},
	Pages = {3},
	Title = {{DG} offers {RAID} for non-{DG} Boxes},
	Year = 1992}

@article{King92b,
	Author = {Peggy King},
	Date-Added = {2009-04-10 19:22:39 -0400},
	Date-Modified = {2009-04-10 19:22:40 -0400},
	Journal = {Open Systems Today},
	Month = {September 21},
	Pages = {57--60},
	Title = {System vendors ride {RAID} wave},
	Year = 1992}

@techreport{Kleiman01,
	Author = {Steven Kleiman},
	Date = 12,
	Date-Added = {2009-04-10 19:22:39 -0400},
	Date-Modified = {2009-04-10 19:22:40 -0400},
	Institution = {{DAFS Collaborative}},
	Month = jan,
	Title = {{DAFS} File Access Protocol Improvements over {NFSv4}},
	Type = {Whitepaper},
	Year = 2001}

@inproceedings{KotzSC94,
	Author = {D. Kotz and N. Nieuwejaar},
	Booktitle = {Proceedings of Supercomputing~'94},
	Date-Added = {2009-04-10 19:22:39 -0400},
	Date-Modified = {2009-04-10 19:22:40 -0400},
	Location = {Washington, DC},
	Month = nov,
	Pages = {640--649},
	Title = {Dynamic file-access characteristics of a production parallel scientific workload},
	Year = 1994}

@techreport{KozlovTR04,
	Address = {Newark, CA},
	Author = {Raya Kozlov and Hagai Heshes},
	Date-Added = {2009-04-10 19:22:39 -0400},
	Date-Modified = {2009-04-10 19:22:40 -0400},
	Institution = {M-Systems},
	Month = aug,
	Number = {04-WP-0604-00, Rev 1.0},
	Title = {Extending the Warranty Period of the {DiskOnKey} 500 Series: {Reliability} Report},
	Type = {White Paper},
	Year = 2004}

@misc{LANL-Trace,
	Author = {James Nunez},
	Date-Added = {2009-04-10 19:22:39 -0400},
	Date-Modified = {2009-04-10 19:22:40 -0400},
	Howpublished = {http://institute.lanl.gov/data/software},
	Title = {LANL-Trace},
	Year = 2007}

@inproceedings{LegionFS,
	Author = {Brian S. White and Michael Walker and Marty Humphrey and Andrew S. Grimshaw},
	Booktitle = {Proceedings of Supercomputing 2001},
	Date-Added = {2009-04-10 19:22:39 -0400},
	Date-Modified = {2009-04-10 19:22:40 -0400},
	Location = {Denver, CO},
	Title = {{LegionFS}: A Secure and Scalable File System Supporting Cross-Domain High-Performance Applications},
	Year = 2001}

@inproceedings{LiuFTCS94,
	Author = {M. L. Liu and Divyakant Agrawal and Amr El Abbadi},
	Booktitle = ftcs,
	Date-Added = {2009-04-10 19:22:39 -0400},
	Date-Modified = {2009-04-10 19:22:40 -0400},
	Pages = {244--253},
	Title = {The Performance of Two-phase Commit Protocols in the Presence of Site Failures},
	Year = 1994}

@inproceedings{Loge92,
	Author = {Robert M. English and Alexander A. Stepanov},
	Booktitle = {Proceedings of the Winter USENIX Symposium},
	Date-Added = {2009-04-10 19:22:39 -0400},
	Date-Modified = {2009-04-10 19:22:40 -0400},
	Location = {San Francisco, CA},
	Month = jan,
	Pages = {237--252},
	Title = {Loge: A self-organizing storage device},
	Year = 1992}

@techreport{LustreTR01,
	Address = {Mountain View, CA},
	Author = {Peter J. Braam and Rumi Zahir},
	Date-Added = {2009-04-10 19:22:39 -0400},
	Date-Modified = {2009-04-10 19:22:40 -0400},
	Institution = {Cluster File Systems, Inc.},
	Month = {July},
	Title = {Lustre - {A} Scalable High Performance File System},
	Year = {2001}}

@techreport{LustreSOW01,
	Address = {Mountain View, CA},
	Author = {Peter J. Braam and Rumi Zahir},
	Date = 29,
	Date-Added = {2009-04-10 19:22:39 -0400},
	Date-Modified = {2009-04-10 19:22:40 -0400},
	Institution = {Cluster File Systems, Inc.},
	Month = jul,
	Title = {Lustre Technical Project Summary},
	Type = {Technical Report},
	Year = 2001}

@misc{Lyman99,
	Author = {P. Lyman and H. R. Varian},
	Date-Added = {2009-04-10 19:22:39 -0400},
	Date-Modified = {2009-04-10 19:22:40 -0400},
	Howpublished = {http://\-www.sims.berke\-ley.edu\-/research/projects/how-much-info},
	Title = {{How Much Information?}},
	Year = 1999}

@misc{Lyman03,
	Author = {Peter Lyman and Hal R. Varian},
	Date-Added = {2009-04-10 19:22:39 -0400},
	Date-Modified = {2009-04-10 19:22:40 -0400},
	Howpublished = {Retrieved from http://\-www.sims.berke\-ley.edu\-/research/projects/how-much-info-2003},
	Title = {{How Much Information?}},
	Year = 2003}

@techreport{LVM,
	Author = {Michael Hasenstein},
	Date-Added = {2009-04-10 19:22:39 -0400},
	Date-Modified = {2009-04-10 19:22:40 -0400},
	Institution = {SuSE, Inc.},
	Title = {Logical Volume Manager {(LVM)}},
	Type = {{Whitepaper}},
	Year = 2001}

@inproceedings{MaMSST03,
	Author = {Xiaonan Ma and A. L. Narasimha Reddy},
	Booktitle = msst,
	Date-Added = {2009-04-10 19:22:39 -0400},
	Date-Modified = {2009-04-10 19:22:40 -0400},
	Location = {San Diego, CA},
	Month = apr,
	Pages = {254--268},
	Title = {{SPIRAL: A} Client-Transparent Third-Party Transfer Scheme for Network Attached Disks},
	Year = 2003}

@article{Malh92,
	Author = {Manish Malhotra and Kishor S. Trivedi},
	Date-Added = {2009-04-10 19:22:39 -0400},
	Date-Modified = {2009-04-10 19:22:40 -0400},
	Journal = jpdc,
	Month = jan,
	Number = 1,
	Pages = {146--151},
	Title = {Reliability Analysis of Redundant Arrays of Inexpensive Disks},
	Volume = 17,
	Year = 1993}

@inproceedings{MathurSPOTS06,
	Author = {Gaurav Mathur and Peter Desnoyers and Deepak Ganesan and Prashant Shenoy},
	Booktitle = {Proceedings of Conference on Information Processing in Sensor Networks},
	Date-Added = {2009-04-10 19:22:39 -0400},
	Date-Modified = {2009-04-10 19:22:40 -0400},
	Location = {Nashville, TN},
	Month = apr,
	Title = {Ultra-Low Power Storage for Sensor Networks},
	Year = 2006}

@article{MaurielloLJ97,
	Author = {Ermelindo Mauriello},
	Date = 01,
	Date-Added = {2009-04-10 19:22:39 -0400},
	Date-Modified = {2009-04-10 19:22:40 -0400},
	Journal = {Linux Journal},
	Month = aug,
	Title = {{TCFS: Transparent} Cryptographic File System},
	Year = 1997}

@techreport{McDonald88,
	Author = {Shane McDonald},
	Date-Added = {2009-04-10 19:22:39 -0400},
	Date-Modified = {2009-04-10 19:22:40 -0400},
	Institution = {Department of Computational Science, University of Saskatchewan, Saskatoon},
	Location = {Saskatchewan, Canada},
	Month = jul,
	Title = {Dynamically Restructuring Disk Space for Improved File System Performance},
	Year = 1988}

@inproceedings{McVoyUSENIX96,
	Author = {Larry W. McVoy and Carl Staelin},
	Booktitle = {Proceedings of the USENIX Annual Technical Conference},
	Date-Added = {2009-04-10 19:22:39 -0400},
	Date-Modified = {2009-04-10 19:22:40 -0400},
	Pages = {279--294},
	Title = {lmbench: {Portable} Tools for Performance Analysis},
	Year = {1996}}

@inproceedings{Meador89,
	Author = {Wes E. Meador},
	Booktitle = compcon,
	Date-Added = {2009-04-10 19:22:39 -0400},
	Date-Modified = {2009-04-10 19:22:40 -0400},
	Pages = {143--146},
	Title = {Disk Array Systems},
	Year = {Spring 1989}}

@article{Moad90,
	Author = {Jeff Moad},
	Date-Added = {2009-04-10 19:22:39 -0400},
	Date-Modified = {2009-04-10 19:22:40 -0400},
	Journal = {Datamation},
	Month = sep,
	Pages = {22--28},
	Title = {Relief for Slow Storage Systems},
	Year = 1990}

@article{Moad92,
	Author = {Jeff Moad},
	Date-Added = {2009-04-10 19:22:39 -0400},
	Date-Modified = {2009-04-10 19:22:40 -0400},
	Journal = {Datamation},
	Month = feb,
	Pages = {59--60},
	Title = {Will {StorageTek's Iceberg} Float},
	Year = 1992}

@inproceedings{MogiICPDIS94,
	Author = {Kazuhiko Mogi and Masaru Kitsuregawa},
	Booktitle = {Proceedings of the International Conference on Parallel and Distributed Information Systems},
	Date-Added = {2009-04-10 19:22:39 -0400},
	Date-Modified = {2009-04-10 19:22:40 -0400},
	Location = {Austin, TX},
	Month = sep,
	Pages = {17--26},
	Title = {Dynamic parity stripe reorganization for {RAID5} disk arrays},
	Year = 1994}

@inproceedings{MogiSIGMOD96,
	Author = {Kazuhiko Mogi and Masaru Kitsuregawa},
	Booktitle = sigmod,
	Date-Added = {2009-04-10 19:22:39 -0400},
	Date-Modified = {2009-04-10 19:22:40 -0400},
	Location = {Montreal, Canada},
	Month = jun,
	Pages = {183--194},
	Title = {Hot mirroring: {A} method of hiding parity update penalty and degradation during rebuilds for {RAID5}},
	Year = 1996}

@inproceedings{MoungmingsukANSCSE04,
	Author = {Kittirak Moungmingsuk and Putchong Uthayopas},
	Booktitle = {Proceedings of The 8th Annual National Symposium on Computational Science and Engineering},
	Date-Added = {2009-04-10 19:22:39 -0400},
	Date-Modified = {2009-04-10 19:22:40 -0400},
	Location = {Nakhon Ratchasima, Thailand},
	Month = jul,
	Title = {Performance Modeling of {PVFS} Parallel File System on Comodities {PC} Cluster},
	Year = 2004}

@inproceedings{Muntz90,
	Author = {Richard R. Muntz and John C. S. Lui},
	Booktitle = vldb,
	Date-Added = {2009-04-10 19:22:39 -0400},
	Date-Modified = {2009-04-10 19:22:40 -0400},
	Month = aug,
	Pages = {162--173},
	Title = {Performance Analysis of Disk Arrays Under Failure},
	Year = 1990}

@inproceedings{Naga91,
	Author = {U. Nagaraj and U. S. Shukla and A. Paulraj},
	Booktitle = ipps,
	Date-Added = {2009-04-10 19:22:39 -0400},
	Date-Modified = {2009-04-10 19:22:40 -0400},
	Month = may,
	Pages = {549--554},
	Title = {Design and Evaluation of a High Performance File System for Message Passing Parallel Computers},
	Year = 1991}

@misc{NetBench,
	Author = {VeriTest},
	Date-Added = {2009-04-10 19:22:39 -0400},
	Date-Modified = {2009-04-10 19:22:40 -0400},
	Howpublished = {{\tt http://www.netbench.com}},
	Title = {{NetBench} 7.0.2},
	Year = 2001}

@inproceedings{NFSUsenix85,
	Author = {R. Sandberg and D. Goldberg and S. Kleiman and D. Walsh and B. Lyon},
	Booktitle = {Proceedings of the Summer 1985 USENIX Technical Conference},
	Date-Added = {2009-04-10 19:22:39 -0400},
	Date-Modified = {2009-04-10 19:22:40 -0400},
	Location = {Portland, OR},
	Pages = {119--130},
	Title = {Design and Implementation of the {Sun Network Filesystem}},
	Year = {June 1985}}

@techreport{Nurmela93,
	Address = {Department of Computer Science, Helsinki University of Technology, Otaniemi, Espoo, Finland},
	Author = {Kari J. Nurmela and Patric R. J. \"{O}sterg\.{a}rd},
	Date-Added = {2009-04-10 19:22:39 -0400},
	Date-Modified = {2009-04-10 19:22:40 -0400},
	Institution = {Helsinki University of Technology, Digital Systems Laboratory},
	Month = jan,
	Number = {Series B, No. 10},
	Title = {Constructing Covering Designs by Simulated Annealing},
	Year = 1993}

@article{Ohren89,
	Author = {Ernest Ohrenstein},
	Date-Added = {2009-04-10 19:22:39 -0400},
	Date-Modified = {2009-04-10 19:22:40 -0400},
	Journal = {Computer Technology Review - Trends Edition},
	Month = {Spring},
	Number = 6,
	Pages = {37--41},
	Title = {{RAID} Architecture Provides Increased Throughput and Capacity},
	Volume = {IX},
	Year = 1989}

@misc{OSDL,
	Date-Added = {2009-04-10 19:22:39 -0400},
	Date-Modified = {2009-04-10 19:22:40 -0400},
	Howpublished = {http://www.osdl.org},
	Title = {{Open Source Developement Labs}},
	Year = 2003}

@techreport{OSDL-DBT2,
	Address = {Beaverton, OR},
	Author = {Mark Wong and Jenny Zhang and Craig Thomas and Bryan Olmstead and Cliff White},
	Date-Added = {2009-04-10 19:22:39 -0400},
	Date-Modified = {2009-04-10 19:22:40 -0400},
	Institution = {Open Source Development Lab},
	Month = jun,
	Title = {{Open Source Developement Lab Database Test 2: Architecture version 0.4}},
	Year = 2002}

@inproceedings{OzharahanAFIPS75,
	Author = {E. A. Ozharahan and S. A. Schuster and K. C. Smith},
	Booktitle = {Proceedings of AFIPS Conference},
	Date-Added = {2009-04-10 19:22:39 -0400},
	Date-Modified = {2009-04-10 19:22:40 -0400},
	Title = {{RAP: Associative} Processor for Database Management},
	Year = 1975}

@inproceedings{PaiASPLOS98,
	Author = {Vivek S. Pai and Mohit Aron and Gaurav Banga and Michael Svendsen and Peter Druschel and Willy Swaenepoel and Erich Nahum},
	Booktitle = asplos,
	Date-Added = {2009-04-10 19:22:39 -0400},
	Date-Modified = {2009-04-10 19:22:40 -0400},
	Month = oct,
	Title = {Locality-Aware Request Distribution in Cluster-based Network Servers},
	Year = 1998}

@article{Park90,
	Author = {Arvin Park and Jeffrey C. Becker and Richard J. Lipton},
	Date-Added = {2009-04-10 19:22:39 -0400},
	Date-Modified = {2009-04-10 19:22:40 -0400},
	Journal = {Computer Architecture News},
	Month = jun,
	Number = 2,
	Pages = {45--52},
	Title = {{IOStone: A} Synthetic File System Benchmark},
	Volume = 18,
	Year = 1990}

@inproceedings{PasqualeSC94,
	Author = {B. K. Pasquale and G. C. Polyzos},
	Booktitle = {Proceedings of Supercomputing~'94},
	Date-Added = {2009-04-10 19:22:39 -0400},
	Date-Modified = {2009-04-10 19:22:40 -0400},
	Location = {Washington, DC},
	Month = nov,
	Pages = {660--669},
	Title = {Dynamic {I/O} characterization of {I/O} intensive scientific applications},
	Year = 1994}

@inproceedings{Petal,
	Author = {Edward K. Lee and Chandramohan A. Thekkath},
	Booktitle = asplos,
	Date-Added = {2009-04-10 19:22:39 -0400},
	Date-Modified = {2009-04-10 19:22:40 -0400},
	Month = oct,
	Pages = {84--92},
	Title = {Petal: Distributed Virtual Disks},
	Year = 1996}

@inproceedings{Pierce89,
	Author = {Paul Pierce},
	Booktitle = {Proceedings of the Fourth Conference on Hypercubes},
	Date-Added = {2009-04-10 19:22:39 -0400},
	Date-Modified = {2009-04-10 19:22:40 -0400},
	Month = mar,
	Pages = {155--160},
	Title = {A Concurrent File System for a Highly Parallel Mass Storage Subsystem},
	Year = 1989}

@inproceedings{PiernasSC07,
	Author = {Juan Piernas and Jarek Nieplocha and Evan J. Felix},
	Booktitle = {Proceedings of Supercomputing},
	Date-Added = {2009-04-10 19:22:39 -0400},
	Date-Modified = {2012-03-16 11:03:23 -0400},
	Keywords = {active disks},
	Month = nov,
	Title = {Evaluation of Active Storage Strategies for the Lustre Parallel File System},
	Year = 2007}

@article{PillaiJHPCN04,
	Author = {Manoj Pillai and Mario Lauria},
	Date-Added = {2009-04-10 19:22:39 -0400},
	Date-Modified = {2009-04-10 19:22:40 -0400},
	Journal = {International Journal of High Performance Computing and Networking},
	Number = {2/3/4},
	Title = {A High Performance Redundancy Scheme for Cluster File Systems},
	Volume = 2,
	Year = 2004}

@inproceedings{PIOUS,
	Author = {Steven A. Moyer and V. S. Sunderam},
	Booktitle = {Proceedings of the Scalable High-Performance Computing Conference},
	Date-Added = {2009-04-10 19:22:39 -0400},
	Date-Modified = {2009-04-10 19:22:40 -0400},
	Pages = {71--78},
	Title = {PIOUS: A Scalable Parallel {I/O} System for Distributed Computing Environments},
	Year = 1994}

@inproceedings{PVFS,
	Author = {Philip H. Carns and Ligon, III, Walter B. and Robert B. Ross and Rajeev Thakur},
	Booktitle = {{Proceedings of the Annual Linux Showcase and Conference}},
	Date-Added = {2009-04-10 19:22:39 -0400},
	Date-Modified = {2009-04-10 19:22:40 -0400},
	Month = oct,
	Pages = {317--327},
	Title = {{PVFS: A Parallel File System for Linux Clusters}},
	Year = 2000}

@inproceedings{RamakrishnanSIGMETRICS92,
	Author = {K. Ramakrishnan, P. Biswas and R. Karelda},
	Booktitle = sigmetrics,
	Date-Added = {2009-04-10 19:22:39 -0400},
	Date-Modified = {2009-04-10 19:22:40 -0400},
	Pages = {78--90},
	Title = {Analysis of File {I/O} Traces in Commercial Computing Environments},
	Year = 1992}

@inproceedings{PrabhakaranUSENIX05,
	Author = {Vijayan Prabhakaran and Andrea C. Arpaci-Dusseau and Remzi H. Arpaci-Dusseau},
	Booktitle = usenix,
	Date-Added = {2009-04-10 19:22:39 -0400},
	Date-Modified = {2009-04-10 19:22:40 -0400},
	Location = {Anaheim, CA},
	Month = apr,
	Title = {Analysis and Evolution of Journaling File Systems},
	Year = 2005}

@inproceedings{QuinlanFAST02,
	Author = {Sean Quinlan and Sean Dorward},
	Booktitle = fast,
	Date-Added = {2009-04-10 19:22:39 -0400},
	Date-Modified = {2009-04-10 19:22:40 -0400},
	Location = {Monterey, CA},
	Month = jan,
	Pages = {89--102},
	Title = {Venti: a new approach to archival storage},
	Year = 2002}

@inproceedings{RaghuveerMSST07,
	Author = {Aravindan Raghuveer and Steven W. Schlosser and Sami Iren},
	Booktitle = msst,
	Comment = {To appear},
	Date-Added = {2009-04-10 19:22:39 -0400},
	Date-Modified = {2009-04-10 19:22:40 -0400},
	Title = {Enabling database-aware storage with OSD},
	Year = 2007}

@techreport{RDMAArch,
	Author = {S. Bailey},
	Date-Added = {2009-04-10 19:22:39 -0400},
	Date-Modified = {2009-04-10 19:22:40 -0400},
	Institution = {Network Working Group, Internet Engineering Task Force},
	Month = nov,
	Note = {Internet-Draft draft-bailey-roi-ddp-rdma-arch-01.txt},
	Title = {The Architecture of Direct Data Placement {(DDP)} and Remote Direct Memory Access {(RDMA)} On Internet Protocols},
	Type = {{Work in Progress}},
	Year = 2002}

@misc{Reiser,
	Date-Added = {2009-04-10 19:22:39 -0400},
	Date-Modified = {2009-04-10 19:22:40 -0400},
	Howpublished = {http://www.namesys.com},
	Title = {Reiser File System}}

@article{Robb06,
	Author = {Drew Robb},
	Date = 26,
	Date-Added = {2009-04-10 19:22:39 -0400},
	Date-Modified = {2009-04-10 19:22:40 -0400},
	Howpublished = {{http://www.enterpriseitplanet.com/storage/features/article.php/3650896}},
	Journal = {EnterprisePlanetIT.com},
	Month = dec,
	Title = {Can You Afford Low Cost Storage?},
	Year = 2006}

@techreport{RogersBMCWP02,
	Author = {Bob Rogers},
	Date = 26,
	Date-Added = {2009-04-10 19:22:39 -0400},
	Date-Modified = {2009-04-10 19:22:40 -0400},
	Institution = {BMC Software},
	Month = jul,
	Title = {Storage Policy Management},
	Type = {{Whitepaper}},
	Year = 2002}

@techreport{RPCSpec95,
	Author = {Raj Srinivasan},
	Date-Added = {2009-04-10 19:22:39 -0400},
	Date-Modified = {2009-04-10 19:22:40 -0400},
	Institution = {Sun Microsystems},
	Month = aug,
	Number = {Network Working Group RFC 1831},
	Title = {{RPC: Remote} Procedure Call Protocol Specification Version 2},
	Year = 1995}

@inproceedings{RuwartMSST01,
	Author = {Thomas M. Ruwart},
	Booktitle = msst,
	Date-Added = {2009-04-10 19:22:39 -0400},
	Date-Modified = {2009-04-10 19:22:40 -0400},
	Location = {San Diego, CA},
	Month = apr,
	Title = {File System Performance Benchmarks, Then, Now, and Tomorrow},
	Year = 2001}

@inproceedings{Salem86,
	Author = {Kenneth Salem and Hector Garcia-Molina},
	Booktitle = {International Conference on Data Engineering},
	Date-Added = {2009-04-10 19:22:39 -0400},
	Date-Modified = {2009-04-10 19:22:40 -0400},
	Pages = {336--342},
	Title = {Disk Striping},
	Year = 1986}

@article{SamarasDPD95,
	Author = {George Samaras and Kathryn Britton and Andrew Citron and C. Mohan},
	Date-Added = {2009-04-10 19:22:39 -0400},
	Date-Modified = {2009-04-10 19:22:40 -0400},
	Journal = {Distributed and Parallel Databases},
	Month = oct,
	Number = 4,
	Pages = {325--360},
	Title = {Two-Phase Commit Optimizations in a Commercial Distributed Environment},
	Volume = 3,
	Year = 1995}

@inproceedings{SamarasICDE93,
	Author = {George Samaras and Kathryn Britton and Andrew Citron and C. Mohan},
	Booktitle = icde,
	Date-Added = {2009-04-10 19:22:39 -0400},
	Date-Modified = {2009-04-10 19:22:40 -0400},
	Month = may,
	Pages = {154--161},
	Title = {Two-Phase Commit Optimizations and Tradeoffs in the Commercial Environment},
	Year = 1988}

@inproceedings{SarkarFAST03,
	Author = {Prasenjit Sarkar and Sandeep Uttamchandani and Kaladhar Voruganti},
	Booktitle = fast,
	Date-Added = {2009-04-10 19:22:39 -0400},
	Date-Modified = {2009-04-10 19:22:40 -0400},
	Location = {San Francisco, CA},
	Month = mar,
	Title = {Storage Over {IO: When} Does Hardware Support Help?},
	Year = 2003}

@techreport{Schu88,
	Author = {Martin E. Schulze},
	Date-Added = {2009-04-10 19:22:39 -0400},
	Date-Modified = {2009-04-10 19:22:40 -0400},
	Institution = {Computer Science Division, University of California at Berkeley},
	Month = aug,
	Number = {UCB/CSD 88/448},
	Title = {Considerations in the Design of a {RAID} Prototype},
	Year = 1988}

@manual{CSIM90,
	Address = {Microelectronics and Computer Technology Corporation, Austin, Texas},
	Author = {Herb D. Schwetman},
	Date-Added = {2009-04-10 19:22:39 -0400},
	Date-Modified = {2009-04-10 19:22:40 -0400},
	Institution = {Microelectronics and Computer Technology Corporation},
	Month = mar,
	Title = {{CSIM} Reference Manual ({Revision} 14)},
	Year = 1990}

@inproceedings{SeitzSISW03,
	Author = {Ludwig Seitz and Jean-Marc Pierson and Lionel Brunie},
	Booktitle = sisw,
	Date-Added = {2009-04-10 19:22:39 -0400},
	Date-Modified = {2009-04-10 19:22:40 -0400},
	Location = {Washington, DC},
	Month = oct,
	Pages = {20-30},
	Title = {Key Management for Encrypted Data Storage in Distributed Systems},
	Year = 2003}

@inproceedings{SeltzerUSENIX95,
	Author = {Margo I. Seltzer and Keith A. Smith and Hari Balakrishnan and Jacqueline Chang and Sara McMains and Venkata Padmanabhan},
	Booktitle = usenix,
	Date-Added = {2009-04-10 19:22:39 -0400},
	Date-Modified = {2009-04-10 19:22:40 -0400},
	Title = {File System Logging Versus Clustering: A Performance Comparison},
	Year = 1995}

@inproceedings{SeltzerHotOS99,
	Author = {Margo Seltzer and David Krinsky and Keith Smith and Xiaolan Zhang},
	Booktitle = {Proceedings of Workshop on Hot Topics in Operating Systems},
	Date-Added = {2009-04-10 19:22:39 -0400},
	Date-Modified = {2009-04-10 19:22:40 -0400},
	Pages = {102--107},
	Title = {The Case for Application-Specific Benchmarking},
	Year = 1999}

@inproceedings{SmithSIGMETRICS97,
	Author = {Keith A. Smith and Margo I. Seltzer},
	Booktitle = sigmetrics,
	Date-Added = {2009-04-10 19:22:39 -0400},
	Date-Modified = {2009-04-10 19:22:40 -0400},
	Location = {Seattle, WA},
	Pages = {203--213},
	Title = {File System Aging - {Increasing} the Relevance of File System Benchmarks},
	Year = 1997}

@article{Smith85,
	Author = {A. J. Smith},
	Date-Added = {2009-04-10 19:22:39 -0400},
	Date-Modified = {2009-04-10 19:22:40 -0400},
	Journal = tocs,
	Month = aug,
	Number = 3,
	Pages = {161--203},
	Title = {Disk Cache-miss Ratio Analysis and Design Considerations},
	Volume = 3,
	Year = 1985}

@inproceedings{SmithISCA78,
	Author = {Alan Jay Smith},
	Booktitle = isca,
	Date-Added = {2009-04-10 19:22:39 -0400},
	Date-Modified = {2009-04-10 19:22:40 -0400},
	Month = apr,
	Pages = {242--248},
	Title = {On the effectiveness of buffered and multiple arm disks},
	Year = 1978}

@inproceedings{Solw90,
	Author = {Jon A. Solworth and Cyril U. Orji},
	Booktitle = sigmod,
	Date-Added = {2009-04-10 19:22:39 -0400},
	Date-Modified = {2009-04-10 19:22:40 -0400},
	Month = may,
	Pages = {123--132},
	Title = {Write-Only Disk Caches},
	Year = 1990}

@inproceedings{SorensonMASCOTS99,
	Author = {Franklin E. Sorenson and Elizabeth S. Sorenson and J. Kelly Flanagan and Heng Zhou},
	Booktitle = {Proceedings of MASCOTS},
	Date-Added = {2009-04-10 19:22:39 -0400},
	Date-Modified = {2009-04-10 19:22:40 -0400},
	Title = {A System-Assisted Disk {I/O} Simulation Technique},
	Year = 1999}

@inproceedings{SubbiahWSSS05,
	Author = {Arun Subbiah and Douglas M. Blough},
	Booktitle = {Proceedings of Workshop on Storage Security and Survivability},
	Date-Added = {2009-04-10 19:22:39 -0400},
	Date-Modified = {2009-04-10 19:22:40 -0400},
	Location = {Fairfax, VA},
	Pages = {84--93},
	Title = {An approach for fault tolerant and secure data storage in collaborative work environments},
	Year = 2005}

@misc{SPC,
	Date-Added = {2009-04-10 19:22:39 -0400},
	Date-Modified = {2009-04-10 19:22:40 -0400},
	Howpublished = {{\tt http://www.sto\linebreak rageperformance.org}},
	Title = {Storage Performance Council}}

@misc{SPECSFS,
	Author = {{System Performance Evaluation Council}},
	Date-Added = {2009-04-10 19:22:39 -0400},
	Date-Modified = {2009-04-10 19:22:40 -0400},
	Howpublished = {{\tt http://www.spec.org/osg/sfs97r1}},
	Title = {{SPEC SFS (System} File Server) Benchmark},
	Year = 1997}

@techreport{SRC-163,
	Address = {Palo Alto, CA},
	Author = {Eli Gafni and Leslie Lamport},
	Date-Added = {2009-04-10 19:22:39 -0400},
	Date-Modified = {2009-04-10 19:22:40 -0400},
	Institution = {Compaq Systems Research Center},
	Month = jul,
	Number = {163},
	Title = {{Disk Paxos}},
	Year = 2000}

@manual{SRPSpec,
	Date-Added = {2009-04-10 19:22:39 -0400},
	Date-Modified = {2009-04-10 19:22:40 -0400},
	Month = jul,
	Number = {T10/1415-D Revision 16a},
	Organization = {ANSI},
	Title = {Information Technology - SCSI RDMA Protocol (SRP) Device Commands},
	Year = 2002}

@article{StonebrakerSIGMODREC07,
	Address = {New York, NY, USA},
	Author = {Michael Stonebraker and U\v{g}ur \c{C}etintemel and Stan Zdonik},
	Date-Added = {2009-04-10 19:22:39 -0400},
	Date-Modified = {2009-04-10 19:22:40 -0400},
	Doi = {http://doi.acm.org/10.1145/1107499.1107504},
	Issn = {0163-5808},
	Journal = {ACM SIGMOD Record},
	Number = {4},
	Pages = {42--47},
	Publisher = {ACM},
	Title = {The 8 requirements of real-time stream processing},
	Volume = {34},
	Year = {2005},
	Bdsk-Url-1 = {http://doi.acm.org/10.1145/1107499.1107504}}

@inproceedings{SuVLDB75,
	Author = {S. Y. W. Yu and G. J. Lipvski},
	Booktitle = vldb,
	Date-Added = {2009-04-10 19:22:39 -0400},
	Date-Modified = {2009-04-10 19:22:40 -0400},
	Title = {{CASSM: A} Cellular System for Very Large Data Bases},
	Year = 1975}

@conference{NagleSC04,
	Author = {David Nagle and Denis Serenyi and Abbie Matthews},
	Booktitle = {Proceedings of Supercomputing},
	Date-Added = {2009-04-10 19:22:39 -0400},
	Date-Modified = {2009-04-10 19:22:40 -0400},
	Location = {Pittsburgh, PA},
	Month = nov,
	Pages = {53--62},
	Title = {The {Panasas ActiveScale} Storage Cluster - Delivering Scalable High Bandwidth Storage},
	Year = {2004}}

@manual{T10_OSD,
	Date-Added = {2009-04-10 19:22:39 -0400},
	Date-Modified = {2009-04-10 19:22:40 -0400},
	Month = mar,
	Number = {T10/1355-D Revision 05},
	Organization = {ANSI},
	Title = {Information Technology - SCSI Object Based Storage Device Commands (OSD)},
	Year = 2002}

@manual{T10_OSD2_R3,
	Date-Added = {2009-04-10 19:22:39 -0400},
	Date-Modified = {2009-04-10 19:22:40 -0400},
	Month = jan,
	Number = {T10/1729-D Revision 3},
	Organization = {ANSI},
	Title = {Information Technology - SCSI Object Based Storage Device Commands -2 (OSD-2)},
	Year = 2008}

@manual{T10_SAM3_R14,
	Date-Added = {2009-04-10 19:22:39 -0400},
	Date-Modified = {2009-04-10 19:22:40 -0400},
	Month = sep,
	Number = {T10/1561-D Revision 14},
	Organization = {ANSI},
	Title = {Information Technology - SCSI Architecture Model - 3 (SAM-3)},
	Year = 2004}

@inproceedings{TerrySOSP95,
	Author = {Douglas B. Terry and Marvin M. Theimer and Karin Petersen and Alan J. Demers and Mike J. Spreitzer and Carl H. Hauser},
	Booktitle = sosp,
	Date-Added = {2009-04-10 19:22:39 -0400},
	Date-Modified = {2009-04-10 19:22:40 -0400},
	Title = {Managing Updates in {Bayou} a Weakly Connected Replicated Storage System},
	Year = 1995}

@manual{TPCA,
	Address = {Shanley Public Relations, San Jose, CA},
	Author = {{Transaction Processing Performance Council (TPC)}},
	Date-Added = {2009-04-10 19:22:39 -0400},
	Date-Modified = {2009-04-10 19:22:40 -0400},
	Month = mar,
	Title = {{TPC} Benchmark {A} Standard Specification Revision 1.1},
	Year = 1992}

@manual{TPCB,
	Address = {Shanley Public Relations, San Jose, CA},
	Author = {{Transaction Processing Performance Council (TPC)}},
	Date-Added = {2009-04-10 19:22:39 -0400},
	Date-Modified = {2009-04-10 19:22:40 -0400},
	Month = mar,
	Title = {{TPC} Benchmark {B} Standard Specification Revision 1.1},
	Year = 1992}

@article{Toigo06,
	Author = {Jon William Toigo},
	Date = 29,
	Date-Added = {2009-04-10 19:22:39 -0400},
	Date-Modified = {2009-04-10 19:22:40 -0400},
	Howpublished = {{http://searchstorage.techtarget.com/columnItem/0,294698,sid5_gci1235229,00.html}},
	Journal = {SearchStorage.com},
	Month = dec,
	Title = {'{Love} marks' in storage},
	Year = 2006}

@manual{TPCC,
	Address = {Shanley Public Relations, San Jose, CA},
	Author = {{Transaction Processing Performance Council (TPC)}},
	Date-Added = {2009-04-10 19:22:39 -0400},
	Date-Modified = {2009-04-10 19:22:40 -0400},
	Month = mar,
	Title = {{TPC} Benchmark {C} Standard Specification Revision 1.1},
	Year = 1992}

@misc{TricordNetbench,
	Author = {eTestingLabs},
	Date-Added = {2009-04-10 19:22:39 -0400},
	Date-Modified = {2009-04-10 19:22:40 -0400},
	Month = sep,
	Title = {{Tricord LunarFlare NAS} Clustered Appliances Performance, Scaling and Fault Tolerance testing},
	Year = 2001}

@inproceedings{TsoUSENIX02,
	Author = {T. Ts'o and S. Tweedie},
	Booktitle = usenix,
	Date-Added = {2009-04-10 19:22:39 -0400},
	Date-Modified = {2009-04-10 19:22:40 -0400},
	Location = {Monterey, CA},
	Month = jun,
	Title = {Future Directions for EXT2/EXT3 File Systems},
	Year = 2002}

@misc{UMTR,
	Date-Added = {2009-04-10 19:22:39 -0400},
	Date-Modified = {2011-12-18 20:12:14 -0500},
	Howpublished = {http://traces.cs.umass.edu},
	Title = {{UMass Trace Repository}}}

@techreport{ucsb-cstr-1994-09,
	Author = {M. L. Liu and Divyakant Agrawal and Amr El Abbadi},
	Date-Added = {2009-04-10 19:22:39 -0400},
	Date-Modified = {2009-04-10 19:22:40 -0400},
	Institution = {Department of Computer Science, University of California, Santa Barbara},
	Number = {1994-09},
	Title = {The Performance of Two-phase Commit Protocols in the Presence of Site Failures},
	Year = 1994}

@techreport{uw-cs-tr-2002-1444,
	Author = {Florentina I. Popovici and John Bent and Brian C. Forney and Andrea C. Arpaci-Dusseau and Remzi H. Arpaci-Dusseau},
	Date-Added = {2009-04-10 19:22:39 -0400},
	Date-Modified = {2009-04-10 19:22:40 -0400},
	Institution = {Department of Computer Sciences, University of Wisconsin},
	Month = aug,
	Number = {CS-TR-2002-1444},
	Title = {Datamation 2001: A Sorting Odyssey},
	Year = 2002}

@inproceedings{vanmeter96,
	Author = {Van Meter, Rodney and Steve Hotz and Gregory Finn},
	Booktitle = {Proceedings of the NASA Goddard Conference on Mass Storage Systems and Technologies},
	Date-Added = {2009-04-10 19:22:39 -0400},
	Date-Modified = {2009-04-10 19:22:40 -0400},
	Month = sep,
	Title = {Derived Virtual Devices: {A} Secure Distributed File System Mechanism},
	Year = 1996}

@inproceedings{VanRenesseWDDDM04,
	Author = {Robert van Renesse},
	Booktitle = {Proceedings of the Workshop on Dependable Distributed Data Management},
	Date-Added = {2009-04-10 19:22:39 -0400},
	Date-Modified = {2009-04-10 19:22:40 -0400},
	Location = {Florianopolis, Brazil},
	Month = oct,
	Title = {Efficient Reliable Internet Storage},
	Year = 2004}

@article{VanN91,
	Author = {M. L. van Name and B. Catchings},
	Date-Added = {2009-04-10 19:22:39 -0400},
	Date-Modified = {2009-04-10 19:22:40 -0400},
	Journal = {PC Week},
	Month = {April 15},
	Title = {Low-cost {Dell} driver array rivals {Systempro's} speed},
	Year = 1991}

@manual{VIASpec,
	Date-Added = {2009-04-10 19:22:39 -0400},
	Date-Modified = {2009-04-10 19:22:40 -0400},
	Month = dec,
	Organization = {Compaq Computer Corporation, Intel Corporation, and Microsoft Corporation},
	Title = {{Virtual Interface Architecture Specification}},
	Year = 1997}

@inproceedings{VilayannurPDP04,
	Author = {Murali Vilayannur and Robert B. Ross and Philip H. Carns and Rajeev Thakur and Anand Sivasubramaniam and Mahmut Kandemir},
	Booktitle = {Proceedings of the Euromicro Conference on Parallel, Distributed and Network-Based Processing},
	Date-Added = {2009-04-10 19:22:39 -0400},
	Date-Modified = {2009-04-10 19:22:40 -0400},
	Pages = {332},
	Title = {On the Performance of the {POSIX I/O} Interface to {PVFS}},
	Year = 2004}

@inproceedings{VilayannurFAST05,
	Author = {Murali Vilayannur and Partho Nath and Anand Sivasubramaniam},
	Booktitle = fast,
	Date-Added = {2009-04-10 19:22:39 -0400},
	Date-Modified = {2009-04-10 19:22:40 -0400},
	Location = {San Francisco, CA},
	Month = dec,
	Title = {Providing Tunable Consistency for a Parallel File Store},
	Year = 2005}

@inproceedings{Vogel99,
	Author = {W. Vogels},
	Booktitle = {ACM Symposium on Operating System Principles},
	Date-Added = {2009-04-10 19:22:39 -0400},
	Date-Modified = {2009-04-10 19:22:40 -0400},
	Month = dec,
	Pages = {93--109},
	Title = {File System Usage in {Windows NT} 4.0},
	Year = 1999}

@book{Wall88,
	Address = {New York, NY},
	Author = {W. D. Wallis},
	Date-Added = {2009-04-10 19:22:39 -0400},
	Date-Modified = {2009-04-10 19:22:40 -0400},
	Publisher = {Marcel Dekker},
	Title = {Combinatorial Designs},
	Year = 1988}

@article{WalterSCIAM05,
	Author = {Chip Walter},
	Date-Added = {2009-04-10 19:22:39 -0400},
	Date-Modified = {2009-04-10 19:22:40 -0400},
	Journal = {Scientific American},
	Month = aug,
	Title = {Kryder's Law},
	Year = 2005}

@inproceedings{WatsonPRDC00,
	Author = {David Watson and Yan Luo and Brett D. Fleisch},
	Booktitle = {Proceedings of Pacific Rim International Symposium on Dependable Computing},
	Date-Added = {2009-04-10 19:22:39 -0400},
	Date-Modified = {2009-04-10 19:22:40 -0400},
	Location = {Los Angeles, CA},
	Month = dec,
	Title = {The {Oasis+} Dependable Distributed Storage System},
	Year = 2000}

@inproceedings{WatsonCLUSTER01,
	Author = {David Watson and Yan Luo and Brett D. Fleisch},
	Booktitle = {Proceedings of the IEEE International Conference on Cluster Computing},
	Date-Added = {2009-04-10 19:22:39 -0400},
	Date-Modified = {2009-04-10 19:22:40 -0400},
	Location = {Newport Beach, CA},
	Month = oct,
	Title = {Experiences with {Oasis+: A} Fault Tolerant Storage System},
	Year = 2001}

@inproceedings{Weikum91,
	Author = {Gerhard Weikum and Peter Zabback and Peter Scheurmann},
	Booktitle = sigmod,
	Date-Added = {2009-04-10 19:22:39 -0400},
	Date-Modified = {2009-04-10 19:22:40 -0400},
	Month = may,
	Pages = {406--415},
	Title = {Dynamic File Allocation in Disk Arrays},
	Year = 1991}

@techreport{Witk89,
	Address = {Pasadena, CA},
	Author = {Andrew Witkowski and Kumar Chandrakumar and Greg Macchio},
	Date-Added = {2009-04-10 19:22:39 -0400},
	Date-Modified = {2009-04-10 19:22:40 -0400},
	Institution = {Jet Propulsion Laboratory, California Institute of Technology},
	Title = {Concurrent {I/O} system for the Hypercube Multiprocessor},
	Year = 1989}

@article{WongACMCS80,
	Author = {C.K. Wong},
	Date-Added = {2009-04-10 19:22:39 -0400},
	Date-Modified = {2009-04-10 19:22:40 -0400},
	Journal = {ACM Computing Surveys},
	Number = 2,
	Pages = {167--178},
	Title = {Minimizing Expected Head Movement in One-Dimensional and Two-Dimensional Mass Storage Systems},
	Volume = 12,
	Year = 1980}

@inproceedings{WuICPP03,
	Author = {Jiesheng Wu and Pete Wyckoff and Dhabaleswar Panda},
	Booktitle = icpp,
	Date-Added = {2009-04-10 19:22:39 -0400},
	Date-Modified = {2009-04-10 19:22:40 -0400},
	Location = {Kaohsiung, Taiwan},
	Month = oct,
	Title = {{PVFS over InfiniBand}: Design and Performance Evaluation},
	Year = 2003}

@techreport{XFS,
	Address = {Pasadena, CA},
	Author = {Andrew Witkowski and Kumar Chandrakumar and Greg Macchio},
	Date-Added = {2009-04-10 19:22:39 -0400},
	Date-Modified = {2009-04-10 19:22:40 -0400},
	Institution = {Jet Propulsion Laboratory, California Institute of Technology},
	Title = {Concurrent {I/O} system for the Hypercube Multiprocessor},
	Year = 1989}

@misc{Spotlight,
	Author = {{Apple Developer Connection}},
	Date-Added = {2009-04-10 19:22:39 -0400},
	Date-Modified = {2009-04-10 19:22:40 -0400},
	Howpublished = {Retrieved from http://\-developer.apple.com/macosx/tiger/spotlight.html},
	Title = {{Working with Spotlight}},
	Year = 2004}

@manual{Xsan,
	Date-Added = {2009-04-10 19:22:39 -0400},
	Date-Modified = {2009-04-10 19:22:40 -0400},
	Month = jul,
	Organization = {Apple Computer},
	Title = {Xsan Technology Overview},
	Year = 2005}

@inproceedings{YanMSST04,
	Author = {Jie Yan and Yao-Long Zhu and Hui Xiong and Renuga Kanagavelu and Feng Zhou and So Lih Weon},
	Booktitle = msst,
	Date-Added = {2009-04-10 19:22:39 -0400},
	Date-Modified = {2009-04-10 19:22:40 -0400},
	Location = {College Park, MD},
	Month = apr,
	Pages = {199--205},
	Title = {A Design of Metadata Server Cluster in Large Distributed Object-Based Storage},
	Year = 2004}

@inproceedings{YingMSST05,
	Author = {Yingping Lu and David Du and Tom Ruwart},
	Booktitle = msst,
	Date-Added = {2009-04-10 19:22:39 -0400},
	Date-Modified = {2009-04-10 19:22:40 -0400},
	Month = apr,
	Title = {{QOS} provisioning framework for an {OSD}-based storage system},
	Year = 2005}

@inproceedings{ZhangPDPTA02,
	Author = {Ming Zhang and Xubin He and Qing Yang},
	Booktitle = pdpta,
	Date-Added = {2009-04-10 19:22:39 -0400},
	Date-Modified = {2009-04-10 19:22:40 -0400},
	Location = {Las Vegas, NV},
	Month = jun,
	Title = {Implementation and Performance Evaluation of {RAPID-Cache} under {Linux}},
	Year = 2002}

@webpage{ZFS,
	Author = {Jeff Bonwick and Bill Moore},
	Date-Added = {2009-04-10 19:22:39 -0400},
	Date-Modified = {2011-12-19 01:50:02 -0500},
	Howpublished = {{http://hub.opensolaris.org/bin/download/Community+Group+zfs/docs/zfslast.pdf}},
	Institution = {Sun Microsystems},
	Title = {{ZFS: The} last word in file systems},
	Year = 2004}

@misc{url-hipaa,
	Date-Modified = {2009-04-15 10:59:35 -0400},
	Howpublished = {http://www.hipaa.org/},
	Title = {{HIPAA - Health Insurance Portability and Accountability Act}},
	Bdsk-Url-1 = {http://www.hipaa.org/}}

@misc{url-lovemarks,
	Author = {Jon William Toigo},
	Date-Modified = {2009-04-15 10:59:59 -0400},
	Howpublished = {http://searchstorage.techtarget.com/news/\-column/\-0,294698,sid5\_gci1235229,00.html},
	Title = {{`Love Marks'} in Storage},
	Urldate = {12/29/2006},
	Bdsk-Url-1 = {http://searchstorage.techtarget.com/news/column/0,294698,sid5_gci1235229,00.html}}

@misc{url-sox,
	Date-Modified = {2009-04-15 10:51:56 -0400},
	Howpublished = {http://thecaq.aicpa.org/Resources/Sarbanes+Oxley/},
	Title = {{Sarbanes-Oxley Act 2002}},
	Bdsk-Url-1 = {http://thecaq.aicpa.org/Resources/Sarbanes+Oxley/}}

@misc{url-nls,
	Date-Added = {2008-12-30 13:18:59 -0500},
	Date-Modified = {2010-06-08 11:53:09 -0400},
	Howpublished = {\url{http://searchdatabackup.techtarget.com/news/article/0,289142,sid187_gci1299845,00.html}},
	Keywords = {Storage, URL},
	Title = {{DataDomain's CEO} Takes on {Nearline Storage}},
	Bdsk-Url-1 = {http://searchdatabackup.techtarget.com/news/article/0,289142,sid187_gci1299845,00.html}}

@INPROCEEDINGS{6687380, 
author={Sheng Di and Kondo, D. and Cappello, F.}, 
booktitle={Parallel Processing (ICPP), 2013 42nd International Conference on}, 
title={Characterizing Cloud Applications on a Google Data Center}, 
year={2013}, 
month={Oct}, 
pages={468-473}, 
keywords={Pareto distribution;cloud computing;computer centres;pattern clustering;resource allocation;search engines;Google applications;Google data center;Google trace;K-means clustering sets;Pareto principle;Pareto-similar distribution;cloud applications;cloud environment;execution types;resource types;resource utilization;statistics;task events;Cloud computing;Clustering algorithms;Computational modeling;Google;Measurement;Resource management;Scheduling}, 
doi={10.1109/ICPP.2013.56}, 
ISSN={0190-3918},}

@INPROCEEDINGS{6337784, 
author={Sheng Di and Kondo, D. and Cirne, W.}, 
booktitle={Cluster Computing (CLUSTER), 2012 IEEE International Conference on}, 
title={Characterization and Comparison of Cloud versus Grid Workloads}, 
year={2012}, 
month={Sept}, 
pages={230-238}, 
keywords={cloud computing;computer centres;grid computing;queueing theory;resource allocation;search engines;CPU;Google data center;cloud computing;cloud job;cloud load;data centers;grid workloads;grid-HPC systems;host load;job length;job submission frequency;jobs resource utilization;machine maximum load;queue state;real-world production data center;relative usage levels;resource allocation;resource attributes;resource management systems;task load;Capacity planning;Google;Joints;Load modeling;Measurement;Memory management;Resource management;Cloud Computing;Grid Computing;Load Characterization}, 
doi={10.1109/CLUSTER.2012.35},}
